3334 5075
1149 369 1320 427 Liber
1356 377 1605 440 quartus.
1679 370 1884 427 Satura
1919 372 1987 427 X.
2576 378 2698 439 471

605 540 800 607 finem
846 541 1105 608 animae
1147 560 1316 623 quae
1357 560 1466 607 res
1510 540 1831 607 humanas
1874 543 2135 608 miscuit
2178 543 2352 628 olim,

606 671 736 719 non
779 651 1002 736 gladii,
1052 672 1180 718 non
1225 671 1389 719 saxa
1431 651 1682 718 dabunt
1723 671 1847 719 nec
1890 653 2041 734 tela,
2091 651 2211 719 sed
2254 654 2369 720 ille

441 772 559 830 165
606 764 976 830 Cannarum
1020 763 1262 830 vindex
1306 769 1372 830 et
1412 764 1581 830 tanti
1625 764 1969 847 sanguinis
2010 765 2179 830 ultor

605 876 858 943 anulus.
947 877 972 940 i
1018 873 1287 941 demens
1331 881 1398 942 et
1439 893 1677 941 saevas
1722 893 1907 940 curre
1949 895 2069 960 per
2110 875 2333 959 Alpes,

607 994 679 1053 ut
721 986 944 1072 pueris
985 986 1253 1070 placeas
1298 993 1366 1052 et
1410 984 1799 1053 declamatio
1842 986 1981 1052 fias.

605 1116 773 1163 unus
815 1097 1083 1163 Pellaeo
1125 1097 1346 1163 iuveni
1390 1117 1519 1162 non
1564 1096 1805 1163 sufficit
1847 1097 2039 1179 orbis,

607 1213 867 1275 aestuat
909 1207 1142 1273 infelix
1185 1214 1465 1292 angusto
1510 1209 1719 1274 limite
1764 1207 1987 1275 mundi

443 1328 559 1384 170
607 1327 679 1386 ut
723 1318 929 1404 Gyari
975 1319 1236 1384 clausus
1281 1319 1565 1403 scopulis
1610 1337 1946 1404 parvaque
1991 1318 2298 1402 Seripho;

606 1449 752 1496 cum
796 1436 1014 1495 tamen
1058 1448 1100 1495 a
1142 1429 1362 1513 figulis
1406 1429 1720 1494 munitam
1764 1429 2107 1494 intraverit
2149 1430 2393 1512 urbem,

607 1540 1010 1625 sarcophago
1055 1546 1392 1607 contentus
1437 1541 1576 1606 erit.
1669 1558 1842 1605 mors
1885 1540 2027 1605 sola
2069 1539 2312 1606 fatetur

608 1653 923 1734 quantula
966 1653 1098 1717 sint
1140 1651 1472 1717 hominum
1515 1651 1919 1735 corpuscula.
2009 1650 2293 1717 creditur
2336 1651 2488 1717 olim

605 1762 968 1829 velificatus
1011 1762 1217 1829 Athos
1262 1769 1328 1828 et
1371 1760 1695 1844 quidquid
1738 1761 2018 1828 Graecia
2060 1761 2344 1828 mendax

647 1953 757 2003 168.
831 1949 1132 2005 claudian.
1146 1950 1289 2019 Epp.
1310 1951 1355 2016 1,
1375 1951 1437 2000 16
1462 1948 1750 2003 Pellaeum
1770 1948 2031 2004 iuvenem
2050 1963 2245 2018 regum
2264 1948 2471 2005 flexere
2490 1952 2703 2005 ruinae.

641 2035 851 2089 Lucan.
876 2033 932 2087 V
959 2036 1057 2085 356
1106 2033 1314 2103 quibus
1355 2033 1449 2088 hic
1493 2049 1609 2088 non
1645 2032 1859 2089 sufficit
1895 2033 2063 2089 orbis.
2135 2032 2219 2088 Id.
2246 2033 2300 2087 X
2323 2035 2425 2085 455
2464 2033 2703 2100 (Caesar)

435 2121 529 2177 hic
565 2120 660 2176 cui
697 2119 942 2175 Romani
979 2120 1226 2188 spatium
1262 2135 1377 2174 non
1413 2117 1627 2174 sufficit
1669 2118 1839 2174 orbis.
1910 2116 2142 2173 Anthol.
2171 2118 2229 2172 II
2259 2121 2320 2170 15
2344 2119 2391 2173 Β
2417 2140 2480 2164 ===
2509 2122 2608 2172 702
2633 2121 2702 2174 Μ.

436 2205 652 2264 sufficit
682 2204 818 2260 huic
855 2204 1214 2268 (Alexandro)
1251 2204 1515 2270 tumulus,
1555 2205 1649 2259 cui
1686 2220 1802 2259 non
1838 2203 2144 2260 suffecerat
2178 2205 2348 2260 orbis.

649 2293 763 2346 169,
835 2292 1045 2347 Lucan.
1070 2290 1156 2344 VI
1182 2292 1250 2342 63
1285 2295 1510 2346 aestuat
1547 2297 1793 2358 angusta
1827 2290 2016 2345 rabies
2054 2290 2245 2345 civilis
2281 2290 2506 2345 harena.

645 2379 759 2430 174.
832 2376 1030 2433 Claud.
1048 2376 1183 2431 Mar.
1204 2375 1406 2431 Victor
1427 2375 1692 2441 (Schenkl
1720 2375 1779 2430 C.
1800 2374 1999 2431 eccles.
2027 2375 2122 2431 lat.
2144 2375 2284 2430 XVI
2303 2377 2421 2440 413)
2447 2375 2706 2431 AJethias

438 2463 528 2519 III
557 2465 652 2517 194
689 2462 933 2518 mendax
964 2461 973 2531 Ι
1005 2460 1261 2517 Graecia.
1323 2460 1539 2517 Auson.
1568 2459 1723 2516 Grat.
1751 2467 1859 2516 act.
1891 2462 1969 2526 18,
1992 2462 2053 2511 81
2096 2460 2157 2514 111
2193 2460 2510 2516 audacibus
2535 2460 2705 2516 Grae-

438 2564 632 2607 corum
665 2548 892 2605 fabulis.

799 2656 848 2663 -0-

577 2723 691 2773 173.
765 2718 953 2774 861101.
980 2718 1195 2774 Lucani
1234 2718 1293 2772 II
1320 2720 1418 2770 677
1459 2718 1726 2777 (creditur
1759 2746 1829 2756 —
1863 2717 2137 2781 mendax).

576 2806 689 2857 174.
761 2803 1034 2859 Priscian.
1059 2803 1206 2858 VIII
1233 2804 1280 2869 7,
1307 2806 1373 2855 20
1411 2810 1470 2858 et
1506 2806 1570 2855 34
1608 2802 1772 2858 GLK.
1799 2801 1859 2856 11
1888 2803 2002 2868 387,
2032 2804 2093 2853 12
2132 2806 2191 2857 et
2223 2804 2342 2869 402,
2369 2805 2400 2854 6
2440 2802 2706 2867 (velifica-

436 2897 531 2947 tus
564 2920 634 2929 —-
667 2889 940 2951 historia).

433 3043 630 3113 patris.
701 3042 871 3097 Pater
895 3070 966 3080 -
998 3041 1083 3096 ait
1105 3070 1176 3080 —
1207 3041 1348 3110 quid
1371 3046 1457 3097 est
1481 3041 1637 3110 quod
1660 3046 1776 3096 tam
1798 3054 1961 3095 mane
1985 3045 2212 3110 praeter
2236 3040 2707 3096 consuetudinem

434 3127 736 3197 vigilasti?
787 3128 1009 3180 Mallem

577 3214 691 3265 166.
765 3212 790 3263 ι·
806 3241 880 3252 —-
902 3217 953 3266 et
987 3230 1156 3265 curre.
1218 3212 1512 3268 Ironische
1535 3211 1979 3281 Aufforderung,
2016 3216 2178 3267 sonst
2212 3211 2233 3265 i
2268 3227 2418 3267 nunc
2442 3212 2547 3266 mit
2570 3212 2707 3267 oder

436 3298 582 3354 011116
617 3304 690 3354 et.
764 3298 845 3352 Zu
881 3300 928 3365 6,
956 3299 1072 3349 306.

575 3384 691 3435 167.
764 3383 847 3437 zu
881 3385 1072 3448 4,161.

577 3469 690 3520 166.
763 3466 983 3523 Seneca
1035 3466 1193 3522 Suae.
1243 3469 1286 3533 1,
1332 3469 1361 3519 2
1414 3465 1804 3522 Alexandrum
1856 3483 1983 3521 cum
2038 3466 2175 3523 orbe
2219 3495 2287 3506 —
2333 3467 2594 3523 desinere
2638 3498 2709 3506 —-

436 3556 466 3605 3
502 3552 833 3608 Alexandro
870 3552 1025 3607 orbis
1060 3558 1339 3619 angustus
1375 3560 1462 3607 est
1496 3581 1562 3591 —
1608 3555 1638 3602 5
1689 3552 1845 3607 orbis
1894 3552 2058 3607 illum
2103 3567 2241 3608 suus
2283 3568 2401 3607 non
2448 3552 2607 3621 capit
2640 3582 2709 3592 —

438 3641 504 3691 14
537 3642 719 3693 testor
754 3642 888 3692 ante
924 3636 1115 3692 orbem
1151 3636 1260 3692 tibi
1295 3641 1456 3691 tuum
1494 3637 1692 3693 deesse
1730 3653 1896 3707 quam
1940 3637 2192 3694 militem.
2279 3638 2527 3692 Pellaeus
2572 3639 2710 3694 oder

435 3722 697 3778 Pellaeus
751 3722 978 3777 iuvenis
1030 3721 1211 3777 heisst
1260 3720 1588 3777 Alexander
1642 3722 1789 3777 auch
1839 3722 1934 3777 bei
1990 3722 2285 3778 Claudian-
2324 3724 2397 3779 de
2431 3723 2517 3779 IV
2553 3739 2705 3779 cons.

435 3808 646 3863 Honor.
676 3809 774 3858 374
811 3807 931 3861 und
964 3808 1100 3876 Epp.
1131 3810 1176 3872 1,
1206 3810 1269 3859 16
1308 3807 1470 3864 011611.

576 3895 690 3945 170.
769 3892 949 3962 Gyara·
978 3920 1049 3931 -
1087 3893 1327 3961 Seripho.
1400 3893 1482 3948 zn
1516 3896 1565 3958 6,
1592 3895 1692 3945 563
1712 3909 1753 3949 s.

574 3980 688 4030 171.
746 3977 964 4049 fiqulis.
1035 3978 1147 4033 Die
1183 3977 1422 4033 coctiles
1467 3979 1611 4033 muri
1659 3978 1950 4050 Babylone
1996 3978 2094 4034 Ov.
2133 3979 2262 4034 Met.
2301 3978 2385 4033 1v
2424 3981 2503 4031 58.
2576 3978 2705 4047 Vgl.

433 4064 644 4119 Lucan.
670 4063 754 4119 VI
776 4064 844 4115 49
856 4079 898 4119 s.
969 4063 1157 4119 Ueber
1191 4064 1286 4118 die
1322 4062 1772 4133 Umschreibuug
1810 4065 1910 4120 des
1946 4065 2191 4120 Namens
2227 4081 2299 4119 zu
2334 4067 2381 4129 5,
2407 4067 2490 4116 45.

574 4150 757 4204 173ss.
816 4148 933 4204 Cic.
971 4149 1093 4203 Fin.
1133 4149 1193 4203 II
1222 4151 1318 4201 112
1354 4150 1573 4206 Xerxes
1599 4167 1727 4206 cum
1749 4178 1819 4189 —
1843 4150 2216 4219 Hellesponto
2242 4151 2454 4216 iuncto,
2480 4148 2707 4206 Athone

432 4233 705 4302 perfosso,
743 4235 923 4289 maria
958 4233 1377 4302 ambulavisset,
1414 4242 1620 4291 terram
1655 4236 2051 4306 navigavisset
2086 4241 2194 4291 etc.

586 4321 699 4372 174.
772 4319 1074 4392 velificatus
1123 4322 1314 4375 Athos.
1398 4322 1515 4377 Der
1562 4338 1676 4377 von
1723 4322 1943 4377 Xerxes
1996 4321 2172 4377 durch
2224 4321 2335 4376 den
2381 4319 2568 4377 Athos
2610 4337 2706 4391 ge-
