3334 5075
1143 364 1315 420 Liber
1350 368 1599 433 quartus.
1672 363 1879 421 Satura
1912 364 1983 419 X.
2573 368 2700 432 469

607 535 835 620 erexit,
884 554 1117 602 causas
1163 534 1558 601 discriminis
1602 542 1801 617 atque
1843 535 2085 600 laboris

436 655 553 711 140
599 646 756 713 inde
797 646 1055 727 habuit;
1101 652 1283 713 tanto
1325 646 1531 712 maior
1574 646 1791 712 famae
1836 646 1980 712 sitis
2025 654 2127 713 est
2166 667 2363 730 quam

601 759 877 824 virtutis.
971 758 1118 841 quis
1163 758 1338 824 enim
1383 758 1688 823 virtutem
1733 757 2144 842 amplectitur
2186 759 2416 842 ipsam,

605 870 898 952 praemia
941 870 997 935 si
1043 869 1237 935 tollas
1250 869 1285 932 ?
1333 869 1611 952 patriam
1655 874 1877 933 tamen
1920 868 2131 935 obruit
2174 869 2326 934 olim

602 979 814 1064 gloria
856 998 1209 1063 paucorum
1255 986 1322 1045 et
1364 978 1582 1045 laudis
1622 979 1928 1063 titulique
1973 979 2210 1063 cupido

602 1091 868 1158 haesuri
913 1092 1093 1157 saxis
1137 1092 1426 1157 cinerum
1472 1089 1871 1172 custodibus,
1919 1089 2005 1156 ad
2049 1109 2219 1172 quae

439 1210 556 1266 145
605 1202 1016 1269 discutienda
1059 1201 1286 1268 valent
1329 1202 1573 1267 sterilis
1616 1203 1794 1266 mala
1836 1202 2068 1268 robora
2109 1201 2234 1284 fici,

604 1312 1129 1397 quandoquidem
1175 1312 1331 1379 data
1375 1320 1525 1378 sunt
1566 1313 1730 1396 ipsis
1774 1331 2030 1396 quoque
2076 1312 2216 1378 fata
2259 1313 2590 1398 sepulcris.

605 1424 901 1510 expende
948 1424 1410 1489 Hannibalem:
1457 1429 1613 1508 quot
1655 1422 1862 1489 libras
1903 1424 1975 1488 in
2018 1422 2184 1489 duce
2229 1443 2478 1490 summo

604 1535 951 1602 invenies?
1001 1535 1110 1601 hic
1153 1542 1269 1617 est,
1321 1554 1512 1617 quem
1559 1554 1688 1600 non
1733 1535 1908 1618 capit
1950 1533 2176 1601 Afriea
2219 1534 2445 1601 Mauro

605 1665 918 1730 percussa
961 1666 1202 1713 oceano
1244 1645 1526 1729 Niloque
1571 1644 1835 1711 admota
1878 1646 2126 1729 tepenti

442 1763 559 1821 150
605 1776 829 1823 rursus
872 1756 960 1823 ad
1002 1757 1396 1842 Aethiopum
1441 1755 1720 1841 populos
1764 1756 2060 1840 aliosque
2105 1755 2542 1840 elephantos?

532 1920 540 1927 .
603 1866 867 1934 additur
909 1868 1200 1953 imperiis
1244 1868 1583 1953 Hispania,
1632 1867 2044 1951 Pyrenaeum

645 2116 759 2167 146.
832 2114 1038 2168 dolebat
1075 2114 1319 2186 Pinzyer.

435 2200 667 2339 indioogl
678 2202 759 2252 50.
832 2197 1092 2268 aliosque
1127 2221 1171 2253 ω
1219 2198 1534 2254 Priscianus
1582 2200 1847 2269 altosque
1897 2199 1953 2254 P
1985 2200 2081 2254 sed
2114 2217 2232 2254 cum
2264 2201 2438 2270 ylo-ssa
2483 2207 2707 2270 praeter

673 2423 838 2432 -ᾳ--ι

651 2515 763 2568 149.
835 2514 1088 2586 Propert„
1115 2515 1205 2571 III
1235 2518 1293 2569 31
1326 2517 1442 2583 (33),
1469 2519 1499 2569 3
1538 2520 1711 2586 atque
1736 2517 1954 2573 utinam
1976 2521 2190 2585 pereat,
2214 2516 2352 2575 Nilo
2377 2533 2524 2587 quae
2549 2534 2710 2575 sacra

435 2606 667 2670 tepente
702 2601 863 2657 Misit
896 2603 1169 2658 matronis
1206 2602 1436 2658 Inachis
1470 2601 1766 2657 Ausoniis.

577 2825 675 2875 143
689 2840 731 2878 s.
803 2823 1077 2878 Priscian.
1104 2824 1219 2879 VII
1247 2828 1295 2891 7,
1323 2825 1388 2876 33
1435 2823 1598 2880 GLK.
1627 2824 1688 2878 II
1716 2826 1833 2889 315,
1858 2827 1887 2875 4
1932 2824 2221 2893 {titulique
2243 2851 2315 2864 —
2338 2825 2707 2890 custodibus).

577 2908 689 2961 150.
761 2908 1034 2965 Priscian.
1061 2907 1144 2963 v1
1171 2912 1218 2977 5,
1245 2910 1313 2962 26
1349 2909 1514 2966 GLK.
1543 2908 1601 2963 11
1628 2912 1747 2976 217,
1778 2909 1854 2960 16.

659 3042 848 3049 ..-—-—-—.

575 3132 752 3186 14388.
824 3129 953 3200 Vgl.
981 3133 1029 3197 6,
1057 3132 1157 3184 230
1195 3129 1367 3185 titulo
1402 3145 1494 3186 res
1532 3130 1710 3200 digna
1744 3129 2012 3200 sepulcri.

577 3217 689 3268 144.
760 3215 909 3270 camb
925 3245 995 3256 —
1017 3216 1334 3270 custodibus.
1377 3216 1636 3271 Priscian
1659 3214 1775 3270 VII
1795 3217 1860 3267 33
1886 3222 2017 3285 sagt
2038 3215 2133 3271 bei
2157 3212 2500 3283 Anfflhrung
2524 3215 2711 3272 dieser

434 3299 638 3356 Stelle:
689 3300 798 3355 hoc
833 3307 1029 3357 custos
1064 3318 1193 3357 raro
1229 3302 1344 3356 nisi
1379 3301 1621 3369 figurate
1657 3300 1935 3356 invenias.

576 3387 690 3440 145.
761 3386 921 3442 Mart.
942 3385 997 3439 X
1023 3387 1116 3453 2,9
1140 3402 1419 3441 marmora
1442 3385 1739 3441 Messallae
1762 3385 1931 3440 findit
1954 3384 2270 3455 caprificus.
2308 3384 2435 3455 Vgl.
2456 3385 2708 3455 Propert.

432 3468 488 3525 v
525 3470 641 3535 (IV)
678 3472 727 3537 5,
755 3472 835 3523 71.

577 3556 689 3606 148.
759 3572 867 3607 non
902 3554 1063 3625 capit.
1134 3554 1280 3624 (Vgl.
1310 3560 1487 3611 unten
1517 3556 1649 3620 168).
1712 3553 1932 3611 Seneca
1965 3556 2128 3611 Herc.
2167 3555 2203 3609 f.
2243 3557 2344 3608 965
2387 3571 2505 3610 11811
2554 3557 2712 3626 capit

433 3645 586 3694 terra
619 3638 934 3695 Herculem.
985 3640 1194 3695 Lucan.
1223 3642 1250 3695 I
1282 3644 1373 3693 111
1416 3656 1531 3696 non
1568 3640 1727 3710 capit
1760 3639 1991 3695 fortuna
2026 3639 2184 3696 duos.
2256 3640 2402 3695 Flor.
2430 3642 2489 3696 11
2529 3644 2607 3707 13,
2647 3644 2709 3694 14

433 3731 704 3794 tanquam
740 3725 885 3781 duos
920 3726 1067 3781 tanti
1105 3726 1329 3795 imperii
1365 3724 1598 3782 fortuna
1630 3741 1750 3780 non
1785 3731 2029 3795 caperet.
2092 3725 2387 3782 claudian.
2438 3727 2496 3781 in
2521 3726 2708 3781 Bufln.

433 3810 493 3865 II
534 3813 630 3863 156
668 3826 784 3865 11811
818 3810 977 3866 illum
1013 3817 1216 3866 natura
1252 3813 1424 3881 capit.

575 3898 862 3948 148-150.
936 3895 1095 3952 Ganz
1130 3895 1347 3953 Afrika.
1429 3898 1536 3953 uit
1579 3897 1708 3952 dem
1753 3894 2134 3952 atlantischen
2177 3895 2369 3952 088811
2419 3898 2537 3951 und
2585 3898 2710 3951 dem

432 3978 527 4037 Nil
564 3980 642 4037 ist
677 3981 772 4036 die
806 3980 1200 4052 Ausdshnung
1243 3982 1345 4039 des
1391 3981 1716 4039 Welttheils
1759 3997 1875 4036 von
1922 3981 2158 4037 Westen
2203 3981 2348 4037 nach
2396 3979 2573 4037 Osten
2615 3979 2711 4035 be-

433 4066 708 4134 zeichnen
746 4068 851 4123 mit
886 4066 997 4122 den
1031 4067 1361 4137 Aethiopsn
1396 4068 1555 4123 seine
1593 4066 1935 4135 Stidgrenze.

571 4153 645 4205 ad
675 4151 1004 4222 Aethiopum
1038 4155 1271 4223 populos
1313 4153 1550 4223 aliosque
1596 4152 1927 4221 elephantos.-
1972 4167 2088 4206 von
2136 4152 2294 4206 einer
2335 4150 2713 4219 Elephanton·

434 4237 635 4306 region
670 4238 748 4302 (in
783 4237 1193 4303 Mauretanien)
1228 4237 1321 4295 bis
1356 4255 1427 4293 zu
1462 4238 1564 4294 der
1608 4239 1823 4294 andern
1871 4237 2034 4313 (alius
2069 4235 2161 4291 fiir
2205 4237 2366 4303 alter,
2412 4252 2482 4291 zu
2517 4240 2567 4304 4,
2598 4238 2711 4301 138)

435 4322 496 4378 in
519 4321 886 4393 Aethiopien.
923 4323 1052 4394 Vgl.
1070 4327 1149 4391 11,
1174 4326 1269 4377 124
1296 4323 1581 4380 Dentibus
1607 4339 1679 4380 ex
1699 4324 1815 4380 illis
1835 4340 1978 4393 quos
1997 4323 2177 4379 mittit
2192 4328 2359 4391 porta
2369 4321 2585 4393 Syenes
2605 4327 2711 4378 etc.
