3334 5075
1063 71 1234 126 Liber
1270 70 1518 139 quintus.
1592 69 1798 126 Satura
1832 67 1993 125 XIII.
2539 75 2658 135 541

396 254 521 311 200
566 245 728 311 haut
769 244 1139 329 inpunitum
1187 242 1511 324 quondam
1556 241 1696 307 fore
1741 241 1915 324 quod
1959 241 2287 308 dubitaret

564 356 927 441 depositum
972 356 1257 420 retinere
1303 361 1370 420 et
1412 353 1711 420 fraudem
1755 355 1898 419 iure
1941 354 2110 419 tueri

563 467 853 534 iurando.
947 466 1305 549 quaerebat
1351 465 1521 531 enim
1567 485 1740 548 quae
1784 466 2069 531 numinis
2115 473 2290 532 esset

563 598 746 645 mens
792 586 855 645 et
899 598 984 643 an
1028 578 1151 643 hoe
1192 578 1292 642 illi
1336 577 1592 643 facinus
1637 576 1944 642 suaderet
1984 577 2239 660 Apollo.

564 690 849 757 reddidit
893 709 1046 774 ergo
1092 695 1286 771 metu,
1333 709 1462 756 non
1507 689 1809 770 moribus,
1859 695 1924 753 et
1965 696 2185 755 tamen
2230 708 2482 754 omnem

393 813 513 868 205
563 822 787 869 voeem
831 801 1015 886 adyti
1061 800 1325 885 dignam
1369 803 1610 884 templo
1656 817 2011 882 veramque
2053 801 2356 885 probavit

563 917 886 982 extinotus
927 920 1065 979 tota
1107 913 1353 996 pariter
1396 931 1542 978 oum
1586 912 1772 996 prole
1816 911 2138 995 domoque

563 1034 629 1092 et
671 1026 971 1108 quamvis
1014 1026 1213 1107 longa
1257 1023 1555 1090 deductis
1599 1030 1796 1107 gente
1838 1024 2241 1108 propinquis.

562 1137 684 1204 has
727 1138 974 1221 patitur
1017 1154 1265 1219 poenas
1308 1135 1624 1219 peccandi
1672 1135 1814 1199 sola
1857 1137 2178 1200 voluntas.

560 1269 711 1315 nam
756 1249 970 1313 seelus
1013 1248 1187 1312 intra
1230 1265 1304 1313 se
1348 1247 1615 1311 tacitum
1662 1247 1774 1328 qui
1822 1247 2067 1329 eogitat
2110 1248 2328 1329 ullum,

391 1370 515 1426 210
562 1361 721 1427 faeti
766 1360 1009 1425 orimen
1053 1358 1268 1425 habet.
1358 1357 1520 1423 oedo
1567 1359 1622 1424 si
1667 1364 1903 1423 conata
1946 1359 2216 1442 peregit.

560 1479 879 1557 perpetua
923 1470 1240 1552 anxietas,
1289 1489 1411 1535 nee
1453 1488 1723 1534 mensae
1767 1474 2059 1553 tempore
2104 1477 2318 1536 cessat

561 1584 860 1650 faucibus
904 1589 975 1648 ut
1018 1581 1240 1648 morbo
1286 1582 1476 1647 sieeis
1520 1582 1822 1663 interque
1866 1582 2149 1647 molares

560 1694 809 1762 difficili
854 1701 1188 1759 eresoente
1233 1692 1396 1774 cibe,
1447 1692 1564 1758 sed
1605 1695 1761 1758 vina
1804 1693 2098 1760 misellus

563 1807 806 1891 expuit,
854 1805 1092 1872 Albani
1137 1806 1382 1870 veteris
1426 1806 1715 1888 pretiosa
1758 1811 2061 1871 senectus

596 1979 713 2030 208.
786 1976 909 2032 sola
942 1996 986 2028 ω
1020 1991 1195 2031 saeva
1232 1977 1295 2030 P.
1436 1975 1706 2046 voluptas
1744 1977 1808 2030 P.

595 2064 711 2115 213.
783 2063 886 2118 sed
930 2062 1068 2117 vina
1115 2062 1251 2115 PSm
1277 2061 1543 2116 But-hezer
1589 2060 1793 2117 Setina
1832 2063 2006 2117 Her-el
2040 2062 2260 2134 Withof
2276 2064 2438 2117 Jahn.
2509 2065 2658 2121 redi-

388 2151 523 2206 viva
557 2148 818 2202 Frolmer.

594 2287 710 2338 205.
784 2284 946 2341 ovid„
971 2284 1101 2341 Met.
1136 2283 1246 2340 XV
1284 2287 1382 2338 635
1432 2284 1769 2354 cortinaque
1811 2285 2068 2343 reddidit
2113 2287 2228 2342 ima
2275 2288 2437 2343 Hane
2482 2289 2659 2359 adyto

426 2389 495 2428 oe
530 2389 600 2428 m.

385 2391 423 2430 v
497 2388 529 2430 0
593 2459 880 2510 205-207.
952 2456 1168 2512 Seneca
1191 2457 1333 2526 Epp.
1364 2459 1565 2524 115,14
1592 2459 1824 2522 (unten):
1862 2473 1978 2512 non
2004 2473 2176 2527 quare
2214 2466 2274 2515 et
2311 2460 2477 2528 unde,
2518 2461 2657 2531 quid

385 2545 611 2610 habeas,
648 2548 867 2599 tanturn
903 2548 1125 2613 rogant.

595 2632 712 2683 206.
784 2629 1050 2698 Cyprian.
1077 2627 1215 2683 Gen.
1246 2630 1378 2680 1076
1427 2644 1734 2698 oppressus
1777 2633 1904 2684 tota
1947 2631 2162 2699 pariter
2199 2648 2325 2687 eum
2372 2632 2524 2700 pube
2558 2650 2656 2691 ne·

388 2721 564 2773 cam·
592 2803 708 2854 208.
782 2798 944 2854 ovid.
971 2799 1100 2854 Met.
1128 2797 1213 2854 IV
1237 2802 1336 2852 467
1375 2807 1567 2856 unten.

592 2890 707 2939 210.
779 2885 1033 2954 Propert.
1061 2884 1151 2940 III
1177 2887 1242 2938 30
1269 2888 1367 2951 (32)
1395 2889 1426 2938 2
1464 2885 1602 2943 faeti
1639 2886 1854 2948 lumina
1889 2885 2101 2942 crimen
2136 2886 2360 2943 habent.

522 3026 637 3076 200.
710 3020 1006 3079 ‘Dubitare
1030 3024 1135 3078 mit
1159 3022 1416 3079 Infinitiv
1454 3021 1706 3093 ‘geneigt
1728 3019 1869 3079 sein’
1906 3024 2034 3079 sehr
2058 3023 2254 3080 selten.
2314 3025 2448 3080 Tae.
2475 3025 2543 3082 A.
2571 3027 2657 3083 IV

384 3114 449 3163 57
484 3125 615 3165 nam
650 3108 1011 3164 dubitaverat
1044 3108 1342 3178 Augustus
1368 3108 1765 3165 Germanicum
1799 3136 1867 3147 —-
1902 3111 1987 3165 rei
2012 3111 2304 3167 Romanae
2341 3112 2652 3182 imponere3

383 3196 489 3252 sed
523 3194 787 3264 precibus
821 3195 1017 3250 uxoris
1052 3196 1275 3251 evictus
1312 3193 1435 3252 ete.²
1508 3194 1727 3250 Muller.

522 3282 808 3333 205-207.
882 3280 1008 3336 Seu.
1054 3282 1197 3350 Epp.
1240 3284 1354 3348 115,
1386 3284 1447 3333 14
1505 3283 1676 3352 (apud
1729 3281 1977 3338 Graecos
2029 3283 2323 3352 tragicos):
2386 3286 2512 3342 sine
2564 3303 2654 3343 me

380 3369 579 3424 vocari
614 3382 947 3436 pessumum,
986 3375 1051 3423 ut
1086 3369 1250 3423 dives
1284 3383 1470 3422 vocer.
1530 3366 1625 3422 An
1661 3368 1840 3435 dives,
1878 3384 2071 3424 omnes
2096 3370 2434 3439 quaerimus,
2471 3388 2652 3441 nemo,

383 3469 457 3509 an
491 3454 688 3508 bonus.
760 3453 889 3507 Non
925 3468 1098 3521 quare
1135 3459 1195 3509 et
1229 3454 1404 3519 unde,
1444 3453 1583 3521 quid
1618 3453 1845 3521 habeas,
1882 3459 2100 3511 tantum
2137 3463 2357 3525 rogant.
2430 3458 2652 3529 Ubique

380 3539 527 3595 tanti
565 3540 823 3608 quisque,
862 3544 1132 3607 quantum
1170 3539 1385 3604 habuit,
1422 3537 1547 3593 fuit

521 3626 636 3677 208.
710 3623 871 3679 ovid.
898 3624 968 3678 M.
996 3624 1081 3678 IV
1104 3627 1202 3677 467
1240 3631 1546 3696 perpetuas
1580 3626 1799 3694 patitur
1833 3640 2064 3695 poenas.

520 3713 635 3763 210.
708 3711 833 3763 cedo
866 3709 919 3762 si
949 3711 1059 3766 wie
1096 3712 1144 3778 6,
1171 3714 1286 3763 504.

520 3797 621 3848 212
639 3812 680 3852 s.
742 3796 985 3867 interque
1018 3799 1243 3850 molam
1267 3796 1526 3868 Difficili
1557 3801 1817 3850 crescente
1852 3797 1981 3850 cibo.
2033 3797 2195 3853 Ovid.
2213 3798 2441 3854 Heroid.
2460 3801 2538 3867 16,
2552 3802 2651 3852 220

382 3883 589 3936 erescit
612 3886 672 3937 et
694 3882 881 3937 invito
904 3880 1094 3938 lentus
1131 3882 1191 3937 in
1228 3898 1326 3939 ore
1352 3883 1528 3939 cibus.
1580 3883 1708 3939 Seu.
1734 3884 1878 3953 Epp.
1908 3885 1991 3950 82,
2019 3886 2077 3936 21
2120 3900 2236 3939 non
2263 3885 2322 3939 in
2347 3900 2442 3942 ore
2469 3888 2653 3943 erevit

382 3967 559 4033 cibus,
595 3984 711 4022 non
745 3969 934 4024 haesit
968 3970 1029 4023 in
1064 3968 1341 4026 faucibus.

520 4055 635 4105 213.
706 4054 913 4107 Albam·
943 4083 1013 4094 —
1046 4060 1295 4110 semem.
1369 4056 1450 4111 Zu
1485 4059 1533 4124 4,
1562 4057 1642 4108 81.
1715 4056 2116 4113 Albanerwein
2152 4057 2295 4112 aueh
2334 4061 2380 4125 5,
2408 4061 2487 4110 33.

484 4178 676 4223 Juvenal
713 4181 772 4223 11.
2175 4162 2236 4211 ¹2
