3334 5075
1080 103 1252 160 Liber
1288 104 1536 172 quintus.
1611 102 1817 159 Satura
1851 104 2012 158 XIII.
2557 109 2678 171 531

591 283 658 341 et
699 275 927 342 Martis
971 275 1287 342 frameam
1332 282 1399 340 et
1443 274 1741 341 Cirrhaei
1786 276 2038 358 spicula
2081 277 2270 358 vatis,

464 395 542 450 80
588 408 710 472 per
754 388 1039 453 calamos
1081 388 1433 453 venatricis
1475 387 1980 471 pharetramque
2024 389 2286 470 puellae

588 519 834 584 perque
878 507 1076 581 tuum,
1124 506 1311 583 pater
1356 499 1606 583 Aegaei
1648 499 1971 583 Neptune,
2019 500 2381 581 tridentem,

592 611 778 677 addit
822 620 889 678 et
932 612 1288 677 Herculeos
1334 629 1523 676 arcus
1567 610 1956 693 hastamque
2001 612 2352 692 Minervae,

591 723 910 805 quidquid
955 723 1197 789 habent
1239 724 1511 788 telorum
1557 724 2061 789 armamentaria
2104 724 2285 788 caeli.

589 836 646 900 si
690 855 846 900 vero
893 842 958 900 et
1000 840 1187 918 pater
1235 842 1351 915 est,
1396 828 1770 900 ‘comedam'
1820 835 2033 917 inquit
2073 828 2313 902 ‘flebile
2357 835 2492 901 nati

465 955 541 1010 85
591 948 874 1030 sinciput
918 948 1075 1012 elixi
1120 946 1493 1029 Pharioque
1536 946 1861 1012 madentis
1908 940 2129 1012 aceto³.

676 1066 829 1124 sunt
870 1060 940 1123 in
985 1057 1289 1123 fortunae
1334 1059 1447 1139 qui
1493 1058 1754 1124 casibus
1800 1060 2019 1124 omnia
2063 1066 2306 1141 ponant

627 1239 845 1290 85—87.
918 1237 1217 1293 claudian.
1246 1238 1313 1292 In
1340 1237 1526 1292 Rufin.
1554 1239 1582 1292 I
1612 1241 1633 1289 1
1688 1253 1860 1308 saepe
1895 1239 2033 1293 mihi
2071 1239 2302 1294 dubiam
2337 1240 2515 1295 traxit
2561 1256 2686 1295 sen·

417 1325 600 1378 tentia
635 1331 878 1379 mentem
915 1322 1191 1378 Curarent
1226 1324 1419 1392 superi
1458 1332 1634 1378 terras
1673 1340 1744 1378 an
1779 1324 1969 1378 nullus
2011 1326 2224 1379 inesset
2259 1325 2475 1379 Rector
2509 1332 2568 1380 et
2603 1327 2687 1380 in-

418 1415 575 1464 certo
622 1408 861 1465 fluerent
905 1409 1170 1464 mortalia
1204 1426 1356 1464 0888.
1428 1410 1570 1464 Nam
1606 1425 1735 1463 cum
1771 1410 2041 1478 dispositi
2077 1410 2422 1478 quaesissem
2457 1409 2690 1466 foedera

417 1495 628 1562 mundi,
664 1495 1167 1565 Praescriptosque
1190 1496 1331 1550 mari
1368 1495 1524 1562 fines,
1563 1496 1840 1564 annisque
1865 1501 2084 1550 meatus
2119 1496 2365 1551 Ε118018
2388 1498 2688 1566 noctisque

418 1582 592 1647 vices,
630 1588 765 1637 tunc
803 1581 995 1635 omnia
1029 1582 1192 1636 rebar
1230 1581 1486 1637 Consilio
1522 1581 1741 1635 firmata
1776 1581 1870 1635 dei
1915 1582 2015 1649 qui
2063 1581 2188 1650 lege
2236 1584 2452 1636 moveri
2490 1581 2688 1638 Sidera

414 1695 488 1706 -—
522 1668 753 1722 iusserit
789 1674 895 1722 etc.
938 1669 998 1718 12
1035 1667 1136 1722 sed
1173 1684 1300 1722 cum
1336 1683 1426 1722 res
1459 1667 1749 1721 hominum
1793 1671 1955 1721 tanta
1996 1666 2243 1737 caligine
2280 1668 2441 1722 volvi
2477 1667 2687 1737 Adspi-

418 1768 600 1807 cerem
617 1782 686 1791 —
711 1768 905 1807 rursus
928 1751 1211 1808 labefacta
1235 1754 1477 1809 cadebat
1500 1753 1770 1822 Relligio,
1797 1768 2143 1821 caussaeque
2167 1753 2318 1807 viam
2343 1769 2459 1808 11011
2484 1761 2687 1823 sponte

416 1837 707 1907 sequebar,
744 1837 1002 1894 Alterius
1035 1855 1221 1894 vacuo
1246 1854 1393 1907 quae
1421 1854 1644 1894 currere
1678 1840 1895 1893 semina
1917 1845 2075 1894 motu
2098 1837 2373 1905 Affirmat,
2398 1856 2687 1909 magnum—

417 1940 527 1993 que
572 1940 753 1980 novas
795 1940 900 1992 per
947 1925 1116 1980 inane
1164 1924 1373 1994 figuras
1417 1924 1684 1992 Fortuna,
1733 1941 1850 1979 non
1894 1933 2014 1980 arte
2058 1925 2209 1994 regi:
2260 1940 2408 1993 quae
2455 1926 2688 1980 numina

417 2026 588 2065 sensu
622 2009 928 2079 Ambiguo‚
968 2009 1059 2065 vel
1094 2010 1253 2064 nulla
1285 2017 1455 2078 putat
1490 2010 1584 2064 vel
1618 2011 1816 2066 nescia
1851 2010 2049 2065 808111.

555 2150 635 2199 83.
709 2148 910 2202 Isidor.
939 2147 1128 2216 Origg.
1157 2146 1265 2200 XV
1290 2149 1339 2214 5,
1363 2150 1410 2198 4.

555 2289 635 2338 80.
706 2284 914 2340 Tibull.
941 2286 969 2339 Ι
994 2288 1043 2352 4,
1072 2286 1276 2336 25-26
1311 2299 1525 2353 perque
1550 2301 1683 2340 suas
1708 2285 1938 2353 impune
1963 2287 2103 2340 sinit
2126 2287 2419 2354 Dictynna
2443 2287 2683 2355 sagittas

416 2370 678 2425 Affirmes
714 2371 899 2425 crines
933 2386 1146 2440 perque
1182 2372 1438 2425 Minerva
1472 2387 1622 2426 suos.

554 2460 636 2510 85.
709 2456 1014 2526 Pharioque
1054 2485 1126 2496 —
1168 2461 1327 2510 aceto.
1416 2458 1575 2511 Mart.
1612 2456 1761 2511 XIII
1803 2459 1898 2508 120
1951 2456 2161 2510 Niliaci
2196 2484 2266 2495 —
2313 2458 2476 2511 aceti.
2566 2457 2682 2512 Cic.

416 2545 676 2600 Hortens-
720 2544 816 2599 bei
855 2543 1073 2599 Nonius
1108 2561 1162 2613 p.
1191 2545 1292 2595 240
1344 2542 1581 2597 81101188
1627 2543 1945 2611 ingenium,
1994 2543 2147 2597 sicut
2196 2550 2417 2599 acetum
2452 2542 2684 2613 Aegyp-

414 2630 572 2696 tium,
612 2645 756 2684 acre.

553 2717 771 2768 86-88.
842 2715 990 2769 Plin.
1028 2717 1094 2771 N.
1120 2715 1171 2768 h.
1198 2714 1258 2768 II
1284 2717 1349 2766 22
1396 2720 1522 2770 1010
1558 2714 1772 2783 quippe
1809 2714 2018 2768 mundo
2052 2743 2121 2752 —
2159 2714 2407 2767 omnium
2441 2714 2684 2769 vocibus

414 2803 667 2857 Fortuna
700 2800 830 2856 8018
864 2802 1165 2856 invocatur
1202 2816 1269 2855 ac
1304 2801 1654 2863 nominatur,
1691 2815 1807 2853 una
1841 2804 2157 2864 accusatur,
2193 2815 2311 2853 una
2344 2800 2535 2866 agitur
2569 2815 2682 2865 rea,

414 2904 530 2942 una
566 2888 876 2956 cogitatur,
927 2887 1051 2941 8018
1085 2886 1375 2953 laudatur,
1413 2885 1537 2940 sola
1573 2886 1844 2953 arguitur.
1883 2891 1943 2939 et
1976 2901 2104 2939 cum
2141 2884 2421 2938 conviciis
2458 2884 2681 2951 colitur,

412 2972 704 3039 volabilis,
756 2988 792 3026 a
826 2971 1113 3040 plerisque
1163 2986 1297 3025 vero
1334 2979 1393 3025 et
1428 2987 1601 3026 caeca
1635 2972 2000 3037 existumata,
2048 2986 2199 3038 vaga
2233 2971 2562 3024 inconstans
2599 2971 2682 3023 in-

414 3066 571 3114 certa
612 3058 775 3112 varia
810 3058 1284 3126 indignorumque
1320 3055 1555 3111 fautrix:
1606 3057 1743 3111 11810
1778 3058 1968 3111 omnia
2003 3072 2276 3125 expensa,
2324 3055 2456 3109 huic
2493 3056 2684 3110 omnia

411 3143 669 3199 feruntur
705 3148 955 3211 accepta,
994 3148 1054 3197 et
1088 3143 1148 3196 in
1184 3147 1308 3197 tota
1344 3143 1564 3197 ratione
1599 3142 1919 3197 mortalium
1954 3143 2078 3197 sola
2101 3151 2392 3210 utramque
2417 3141 2685 3210 paginam

412 3228 577 3293 facit,
627 3229 883 3298 adeoque
919 3228 1203 3284 obnoxiae
1239 3243 1431 3283 sumus
1468 3228 1663 3294 801118,
1715 3238 1780 3283 81
1814 3244 1938 3283 sors
1974 3230 2100 3297 ipsa
2135 3243 2240 3296 pro
2277 3228 2385 3282 deo
2421 3227 2523 3293 sit,
2570 3243 2683 3295 qua

415 3316 557 3370 deus
591 3314 866 3382 probatur
891 3314 1154 3370 incertus.
1214 3313 1347 3368 Tac.
1374 3313 1443 3368 A.
1471 3313 1555 3367 VI
1579 3316 1644 3365 22
1682 3314 1818 3369 mihi
1843 3344 1911 3353 —
1937 3315 1996 3369 in
2033 3315 2249 3368 11100110
2275 3313 2551 3368 iudicium
2577 3321 2681 3379 est,

413 3400 607 3455 fatone
658 3416 749 3455 res
799 3399 1121 3455 mortalium
1177 3405 1236 3455 et
1285 3401 1626 3455 necessitate
1681 3400 2018 3455 immutabili
2064 3417 2136 3454 an
2178 3398 2326 3454 forte
2361 3397 2679 3453 volvantur.

414 3486 542 3556 Vgl.
582 3486 730 3541 oben
767 3484 1060 3540 claudian.
1099 3485 1168 3539 In
1203 3485 1389 3540 Rufin.
1428 3486 1456 3539 Ι
1497 3489 1521 3537 1
1545 3501 1616 3540 88.
1689 3485 1801 3540 Die
1846 3484 2057 3541 schiefe
2103 3484 2367 3551 Ansicht,
2418 3484 2549 3540 dass
2587 3485 2682 3540 die

413 3570 792 3627 Atomistiker
828 3572 921 3626 die
957 3572 1282 3640 Bewegung
1317 3572 1418 3626 der
1447 3571 1655 3626 Atome
1689 3587 1821 3626 vom
1847 3570 2027 3625 Zufall
2063 3570 2414 3635 herleiteten,
2450 3570 2552 3624 hat
2583 3570 2680 3625 be-

413 3658 648 3712 sonders
684 3656 885 3712 Cicero
928 3658 990 3711 in
1022 3655 1260 3711 Umlauf
1286 3661 1525 3725 gesetzt:
1566 3672 1636 3711 ex
1670 3657 1761 3711 1118
1799 3657 1925 3719 (den
1959 3654 2220 3718 Atomen)
2259 3656 2518 3710 effectum
2556 3670 2680 3710 esse

412 3742 635 3798 coelum
682 3749 853 3812 atque
902 3749 1127 3808 terram,
1178 3742 1344 3796 nulla
1390 3749 1629 3811 cogente
1677 3749 1907 3808 natura,
1956 3742 2059 3797 sed
2105 3757 2387 3795 concussu
2435 3740 2680 3809 quodam

413 3826 650 3884 fortuito
686 3829 808 3883 ND.
834 3830 862 3883 I
890 3831 972 3895 24,
998 3830 1087 3894 66;
1123 3828 1241 3897 vgl.
1280 3827 1465 3882 Zeller
1499 3827 1567 3883 G.
1598 3828 1647 3882 d.
1675 3827 1772 3881 Ph.
1809 3828 1863 3882 12
1886 3828 2003 3894 600,
2030 3828 2076 3879 3.
2147 3825 2411 3889 Juvenal,
2449 3826 2549 3880 der
2573 3842 2681 3881 nur

413 3915 539 3970 80111·
575 3914 1008 3971 oberfliichliche
1031 3913 1376 3969 Kenntnisse
1398 3930 1516 3968 von
1539 3914 1638 3968 der
1660 3912 2032 3981 Philosophie
2056 3912 2213 3967 hatte
2237 3911 2404 3975 (Einl.
2432 3911 2485 3967 S.
2513 3914 2578 3963 36
2589 3913 2678 3978 ffi),

414 4001 615 4055 dachte
650 4000 773 4056 11101·
809 4017 883 4055 an
919 4002 1012 4056 die
1034 4000 1353 4069 Epikureer
1384 3998 1511 4063 (SG.
1538 4000 1629 4054 III
1655 4001 1796 4064 588);
1831 3998 2052 4068 Epikur
2089 3998 2267 4053 selbst
2297 4005 2474 4053 nennt
2498 4013 2558 4053 er
2576 4000 2680 4053 mit

413 4085 684 4156 Achtung
724 4089 802 4153 14,
828 4088 943 4138 319.
