3334 5075
1135 380 1304 436 Liber
1337 382 1565 450 primus.
1638 381 1843 439 Satura
1878 385 1952 440 ΙΙ.
2545 393 2663 457 165

585 555 818 623 frontis
860 554 1045 620 nulla
1086 553 1277 634 fides;
1326 556 1473 636 quis
1518 557 1690 622 enim
1736 577 1863 623 non
1908 559 2091 624 vicus
2135 560 2427 629 abundat

582 668 875 735 tristibus
918 667 1312 733 obscaenis?
1361 668 1645 753 castigas
1690 671 1927 754 turpia,
1973 690 2118 737 cum
2163 674 2254 738 sis

463 791 536 845 10
583 782 750 848 inter
794 780 1156 847 Socraticos
1199 781 1538 846 notissima
1582 780 1760 847 fossa
1804 783 2157 850 cinaedos?

584 892 845 979 hispida
888 892 1177 959 membra
1222 891 1484 974 quidem
1531 901 1596 959 et
1642 892 1844 959 durae
1890 916 2006 980 per
2047 897 2352 966 bracchia
2396 909 2617 967 saetae

582 1007 961 1091 promittunt
1004 1010 1286 1070 atrocem
1332 1006 1637 1088 animum,
1687 1007 1805 1073 sed
1849 1007 2079 1091 podice
2123 1010 2252 1077 levi

583 1118 941 1184 caeduntur
983 1117 1274 1184 tumidae
1318 1117 1570 1185 medico
1613 1119 1870 1187 ridente
1915 1122 2249 1188 mariscae.

581 1249 770 1296 rarus
813 1249 1023 1296 sermo
1066 1228 1200 1295 illis
1245 1236 1313 1295 et
1353 1251 1593 1314 magna
1634 1231 1835 1299 libido
1879 1234 2137 1300 tacendi

464 1352 532 1406 15
581 1349 777 1425 atque
824 1341 1173 1427 supercilio
1218 1341 1477 1408 brevior
1519 1361 1722 1409 coma.
1814 1345 2029 1412 verius
2074 1365 2228 1431 ergo

581 1462 647 1520 et
688 1457 901 1539 magis
945 1455 1229 1539 ingenue
1275 1455 1707 1535 Peribomius;
1755 1455 1926 1522 hunc
1970 1477 2092 1541 ego
2139 1458 2292 1525 fatis

626 1649 700 1698 12.
774 1645 966 1701 Horat.
996 1644 1055 1700 C.
1083 1645 1142 1699 II
1172 1647 1216 1713 1,
1243 1646 1307 1697 24
1344 1651 1568 1714 praeter
1602 1650 1851 1701 atrocem
1886 1648 2132 1702 animum
2167 1647 2416 1705 Catonis.

543 1804 783 1872 pluteum
826 1802 920 1857 cin
966 1817 1038 1856 an
1084 1801 1182 1857 der
1232 1800 1419 1856 Wand
1466 1800 1875 1871 angehrachtes
1918 1802 2091 1869 Brett‚
2139 1803 2260 1858 hier
2307 1802 2397 1859 fflr
2442 1805 2671 1861 Biisten.

408 1888 631 1958 Ulpian.
660 1889 829 1957 Digg.
856 1888 997 1943 XIX
1028 1890 1071 1953 1,
1104 1890 1162 1939 17
1199 1891 1230 1953 5
1254 1891 1285 1940 4
1336 1887 1561 1944 reticuli
1606 1889 1763 1943 circa
1807 1886 2111 1955 columnas,
2153 1889 2336 1957 plutei
2388 1891 2542 1946 circa
2575 1908 2673 1960 pa-

406 1976 597 2043 rietes,
651 1977 784 2030 item
833 1974 1030 2029 cilicia
1063 1974 1192 2030 vela
1225 2004 1294 2013 —
1330 1974 1555 2030 aedium
1607 1990 1724 2029 non
1772 1979 1916 2029 sunt
2001 1975 2186 2031 Einen
2236 1975 2464 2043 pluteus
2517 1978 2674 2032 einer

408 2059 1116 2117 Schuhmacherwerkstatt
1164 2077 1267 2117 aus
1320 2061 1502 2116 ciuem
1555 2060 2020 2116 herculanischen
2067 2060 2232 2117 Bilde
2285 2062 2376 2117 bei
2428 2062 2591 2117 Rich.
2630 2080 2671 2119 s.

408 2147 638 2216 pluteus
674 2150 705 2200 6
744 2170 805 2192 --
840 2146 1193 2201 Baumeister
1230 2162 1271 2201 s.
1312 2145 1725 2202 Schuhmacher
1762 2146 1815 2202 S.
1851 2150 1978 2199 1588
2024 2148 2116 2203 Nr.
2147 2150 2270 2199 1651
2324 2149 2551 2213 (Eroten
2589 2149 2672 2204 als

408 2232 835 2297 Schuhmacher)
863 2256 926 2278 =
954 2231 1097 2288 Abh.
1127 2232 1177 2286 d.
1204 2231 1393 2287 Sachs.
1422 2230 1548 2287 Ges.
1584 2234 1712 2283 1868
1747 2231 1868 2287 Taf.
1896 2237 1944 2302 6,
1979 2236 2053 2285 17.
2342 2258 2348 2263 ·

546 2322 591 2372 8.
652 2319 871 2392 frontis
905 2320 1054 2373 nulla
1075 2318 1239 2389 fides.
1310 2318 1468 2373 Mart.
1496 2319 1525 2373 Ι
1551 2320 1632 2385 24,
1657 2321 1690 2370 4
1726 2319 1910 2375 nolito
1952 2317 2128 2376 fronti
2170 2321 2399 2377 credere
2435 2320 2670 2386 Quintil.

405 2406 520 2463 XII
547 2410 595 2472 3,
625 2409 687 2458 12
725 2406 826 2461 alii
862 2433 931 2443 —
966 2405 1158 2461 subito
1206 2404 1389 2460 fronte
1433 2403 1679 2459 conficta
1727 2406 2088 2476 immissaque
2128 2406 2306 2462 barba
2339 2436 2407 2445 —
2443 2408 2672 2476 paulum

406 2492 625 2564 aliquid
662 2492 932 2549 sederunt
968 2491 1026 2546 in
1063 2489 1274 2547 scholis
1297 2490 1779 2560 philosophorum,
1816 2498 1882 2548 ut
1905 2493 2110 2550 deinde
2137 2493 2196 2549 in
2222 2493 2454 2564 publico
2479 2495 2673 2551 tristes

407 2581 557 2636 domi
596 2578 862 2635 dissoluti
900 2581 1197 2647 captarent
1232 2578 1630 2634 anctoritatem
1667 2585 1996 2649 contemptu
2032 2587 2360 2636 ceterorum.

542 2669 708 2719 9.10.
783 2665 1026 2718 tristibus
1061 2664 1339 2717 obscaenis.
1414 2664 1649 2730 Quintil.
1677 2665 1793 2719 XII
1821 2669 1867 2731 3,
1900 2668 1976 2718 12.
2014 2667 2170 2721 Mart.
2198 2666 2311 2721 VII
2338 2669 2420 2732 58,
2447 2670 2478 2718 9
2503 2667 2673 2723 habet

404 2754 586 2809 tristis
633 2768 860 2821 quoque
908 2752 1074 2807 turba
1124 2751 1409 2806 cinaedos.
1486 2752 1552 2805 In
1590 2751 1914 2807 demselhen
1950 2752 2124 2808 Sinne
2165 2753 2460 2806 Socraticos
2496 2783 2559 2793 —
2599 2753 2671 2804 ci-

404 2839 609 2892 naedos.
682 2838 905 2893 Firmic.
931 2837 1080 2893 Astr.
1108 2836 1219 2891 V11
1250 2840 1309 2888 14
1350 2837 1409 2891 in
1445 2838 1694 2892 virorum
1732 2843 1918 2893 autem
1953 2838 2240 2894 natalibus
2275 2838 2384 2894 hoc
2421 2839 2673 2894 decerni-

404 2931 511 2990 tur,
548 2930 613 2979 ut
648 2929 748 2980 aut
781 2924 1102 2979 meretrices
1137 2923 1384 2978 habeant
1420 2939 1624 2979 uxores
1661 2931 1762 2979 aut
1802 2941 1927 2979 cum
1974 2926 2229 2980 cinaedis
2275 2926 2522 2993 publicis
2571 2926 2669 2979 im-

405 3026 545 3080 pura
563 3010 823 3066 lihidinis
844 3010 1163 3079 cupiditate
1186 3009 1492 3079 iungantur
1510 3010 1737 3079 sintque
1757 3011 2038 3066 Socratici
2055 3011 2414 3080 paedicones.
2437 3011 2667 3066 Lucian.

404 3096 641 3152 Conviv.
669 3098 758 3148 39:
806 3098 865 3149 τὸ
912 3097 1006 3166 μὲν
1052 3095 1141 3148 οὖν
1187 3095 1386 3168 ἄριστον
1435 3097 1500 3167 ἦν
1550 3099 1622 3166 μὴ
1671 3094 1868 3150 δεῖσθαι
1914 3098 2111 3168 γάμων,
2157 3096 2291 3149 ἀλλὰ
2335 3096 2670 3166 πειθομένους

405 3180 638 3236 Πλάτωνι
674 3185 761 3236 καὶ
801 3181 1063 3255 Σωκράτει
1099 3183 1466 3251 παιδεραστεῖν.

552 3273 628 3322 11.
700 3275 889 3323 saetae.
951 3270 1109 3324 Mart.
1138 3269 1194 3323 11
1222 3272 1288 3320 36
1324 3286 1475 3324 nunc
1500 3277 1635 3325 sunt
1658 3285 1822 3324 crura
1856 3270 1992 3338 pilis
2028 3277 2087 3326 et
2126 3277 2260 3325 sunt
2294 3269 2401 3324 tibi
2438 3274 2672 3338 pectora

405 3356 579 3412 saetis
616 3357 874 3420 Horrida,
911 3356 1012 3411 sed
1050 3371 1206 3410 mens
1242 3361 1329 3410 est
1355 3384 1414 3394 -
1444 3354 1606 3411 volsa
1632 3356 1739 3411 tibi
1776 3356 1859 3410 Vl
1885 3359 1950 3407 56
1977 3356 2129 3425 quod
2162 3356 2269 3411 tibi
2295 3371 2459 3411 crura
2482 3356 2669 3424 rigent

405 3444 579 3498 saetis
615 3448 675 3498 et
708 3449 943 3512 pectora
976 3442 1148 3498 villis.

547 3532 621 3581 13.
694 3528 951 3582 mariacae
998 3527 1087 3582 fiir
1132 3529 1517 3598 Feigwarzen‚
1578 3528 1674 3583 die
1716 3529 1812 3584 bei
1857 3528 2079 3584 Martial
2127 3528 2267 3584 ficus
2310 3528 2535 3584 heissen
2583 3533 2668 3594 (zu

401 3616 558 3671 Mart.
587 3615 616 3669 Ι
641 3617 724 3678 65)
760 3630 866 3669 nur
900 3615 1037 3670 hier.

545 3703 620 3753 15.
692 3706 852 3770 atque
895 3700 1182 3771 supercilio
1229 3700 1437 3754 brevior
1471 3719 1630 3754 coma.
1707 3701 1861 3756 Ganz
1909 3701 2047 3756 kurz
2093 3702 2469 3771 geschorcnes
2516 3703 2668 3758 Haar

402 3788 487 3843 als
535 3786 777 3843 Zeichen
823 3787 924 3843 der
970 3787 1336 3856 Verachtnng
1382 3787 1520 3842 aller
1578 3790 1808 3843 {iussern
1857 3787 2106 3857 Eleganz
2150 3789 2299 3852 (Hor.
2335 3788 2435 3857 Ep.
2473 3790 2499 3843 1
2532 3791 2607 3854 18,
2634 3790 2666 3839 6

404 3875 680 3942 asperitas
717 3874 960 3942 agrestis
997 3879 1056 3929 et
1092 3875 1435 3929 inconcinna
1467 3875 1772 3942 gravisque
1820 3872 1979 3938 Quae
2015 3889 2075 3929 se
2114 3874 2468 3929 commendat
2503 3882 2668 3929 tonsa

407 3967 539 4015 cute
575 3960 841 4015 dentibus
879 3962 1033 4024 atris)
1079 3967 1280 4029 trugen
1324 3960 1418 4015 die
1455 3958 1683 4015 Stoiker
1728 3960 1892 4020 (Pers.
1922 3964 1968 4026 3,
1996 3963 2059 4011 54
2099 3961 2338 4016 detonsa
2382 3961 2663 4026 iuventus)

407 4046 524 4101 und
560 4046 812 4117 Cyniker
849 4047 1033 4116 (Diog.
1061 4048 1241 4102 Laert.
1270 4046 1352 4101 VI
1378 4048 1427 4112 2,
1453 4048 1551 4109 31).
1624 4045 1734 4101 Am
1769 4046 1915 4102 Hofe
1960 4047 2061 4101 des
2097 4045 2477 4113 Philosophen
2512 4046 2666 4100 Marc

399 4131 575 4188 Aurel
611 4138 742 4203 trug
777 4150 906 4189 man
942 4133 1470 4203 kurzgeschorenes,
1506 4148 1579 4187 an
1617 4132 1742 4188 dem
1779 4132 1967 4189 seines
1993 4133 2370 4201 Mitregenten
2393 4132 2452 4186 L.
2481 4131 2665 4189 Verus

398 4219 595 4289 langon
630 4220 796 4275 naar.
871 4219 975 4277 SG.
1004 4222 1032 4275 1
1057 4222 1172 4272 345.

538 4306 881 4361 Peribomius.
956 4306 1138 4362 Schol.
1177 4323 1381 4362 nomen
1418 4306 1712 4376 archigalli
1749 4307 1992 4362 cinaedi.
2053 4307 2168 4361 Der
2203 4307 2378 4361 Name
2413 4303 2554 4361 fehlt
2589 4306 2663 4360 im

400 4390 722 4449 Thesaurus
758 4393 859 4449 des
895 4392 1230 4462 Stephanus.
