3334 5075
1148 55 1320 111 Liber
1356 54 1602 125 quintus.
1676 55 1883 112 Satura
1915 56 2071 113 XIV.
2622 64 2747 126 547

652 230 929 299 materia
971 234 1267 294 constare
1310 234 1499 313 putat
1540 227 1937 314 paribusque
1981 232 2335 316 elementis,

655 365 742 411 an
785 342 1041 409 saevire
1086 339 1275 406 docet
1317 340 1574 405 Rutilus
1617 341 1731 424 qui
1774 341 2018 425 gaudet
2059 346 2294 411 acerbo

654 457 996 541 plagarum
1041 451 1318 537 strepitu
1364 457 1430 517 et
1473 452 1720 517 nullam
1763 453 1995 521 Sirena
2036 454 2318 539 flagellis

529 576 609 633 20
656 573 987 651 conparat,
1032 563 1424 648 Antiphates
1464 564 1706 649 trepidi
1749 565 1908 631 laris
1952 586 2031 632 ac
2073 567 2530 653 Polyphemus,

653 688 807 746 tunc
847 678 1025 758 felix,
1074 676 1373 759 quotiens
1416 676 1658 759 aliquis
1700 684 1940 744 tortore
1982 686 2210 746 vocato

654 791 862 857 uritur
907 787 1164 855 ardenti
1210 786 1339 853 duo
1385 794 1648 872 propter
1689 789 1896 856 lintea
1939 791 2114 857 ferro
2156 828 2245 840 —

658 901 814 986 quid
860 900 1095 967 suadet
1135 901 1357 965 iuveni
1404 900 1617 966 laetus
1661 900 1936 967 stridore
1981 911 2271 987 catenae,

659 1034 849 1098 quem
892 1012 1056 1078 mire
1101 1010 1416 1078 adficiunt
1458 1012 1773 1097 inscripta
1818 1016 2165 1098 ergastula,
2214 1017 2489 1083 carcer?

529 1135 608 1192 25
655 1127 935 1192 rusticus
979 1129 1291 1207 expectas
1335 1130 1406 1189 ut
1447 1143 1578 1189 non
1621 1124 1707 1190 sit
1748 1123 2047 1192 adultera
2090 1128 2348 1211 Largae

654 1238 810 1320 filia,
859 1255 1029 1320 quae
1074 1235 1424 1317 numquam
1467 1243 1794 1301 maternos
1839 1235 2056 1303 dicere
2098 1239 2401 1306 moechos

655 1356 789 1417 tam
835 1349 961 1413 cito
1005 1365 1126 1412 nec
1170 1352 1350 1412 tanto
1396 1348 1634 1429 poterit
1677 1355 2023 1415 contexere
2068 1369 2276 1433 cursu,

656 1469 729 1528 ut
771 1480 901 1526 non
942 1456 1264 1524 terdecies
1307 1458 1632 1543 respiret?
1681 1462 1942 1526 conseia
1984 1464 2174 1528 matri

689 1722 771 1773 24.
844 1716 1122 1787 inscripta
1146 1716 1448 1786 ergastula]
1475 1715 1768 1786 inscripta,
1794 1718 2081 1787 ergastula
2107 1720 2441 1774 Her-werden
2463 1722 2752 1776 Buchelerss

483 1806 746 1876 inscripti
761 1846 774 1871 ,
823 1804 1109 1873 ergastula
1162 1802 1434 1856 Richards
1477 1802 1641 1857 Gla-w.
1683 1804 1818 1857 Rev.
1858 1804 1941 1857 II
1964 1811 2066 1859 326
2120 1804 2397 1875 inscripta
2447 1810 2750 1878 ergastula,

482 1908 673 1949 carcer
708 1890 1024 1948 Rusticus?
1096 1887 1274 1942 Κίων
1299 1904 1360 1958 p.
1390 1896 1469 1944 79.

689 2135 772 2185 20.
846 2128 1008 2187 Ovid.
1040 2130 1204 2185 Pont.
1243 2128 1303 2184 II
1339 2130 1386 2195 2,
1417 2131 1513 2181 113
1565 2144 1674 2186 nec
1721 2135 1911 2188 tamen
1951 2160 2021 2170 —
2055 2130 2437 2203 Polyphemus
2484 2134 2543 2214 in
2586 2141 2748 2192 antro

482 2218 752 2290 Accipiet
785 2231 958 2273 voces
991 2211 1409 2285 Antiphatesve
1444 2223 1590 2271 tuos.

691 2306 773 2356 25.
845 2303 1040 2357 Horat.
1065 2303 1208 2371 Epp.
1236 2301 1264 2355 I
1291 2303 1338 2368 2,
1364 2303 1431 2354 42
1466 2302 1715 2357 rusticus
1751 2308 2031 2371 expectat,
2069 2304 2201 2359 dum
2237 2304 2451 2361 defluat
2485 2307 2679 2363 amnis.

484 2551 744 2601 constare
770 2544 1066 2599 elementis
1088 2572 1159 2581 —
1184 2543 1300 2598 dici
1325 2547 1533 2612 potest.
1581 2542 1827 2598 Macrob.
1864 2542 1983 2600 Sat.
2009 2544 2037 2598 I
2066 2547 2145 2610 11,
2172 2547 2204 2598 6
2238 2549 2402 2614 quasi
2429 2548 2610 2614 (servi)
2637 2565 2750 2605 non

483 2646 556 2688 ex
590 2629 771 2686 isdem
806 2627 915 2684 tibi
952 2634 1010 2683 et
1045 2632 1309 2684 constent
1343 2633 1402 2684 et
1436 2627 1662 2683 alantur
1694 2628 1987 2686 elementIs
2011 2630 2363 2700 eundemque
2388 2633 2653 2702 spiritum
2678 2635 2750 2691 ab

483 2718 683 2774 eodem
717 2714 979 2784 principe
1017 2715 1290 2784 carpant?

622 2813 700 2863 18.
774 2807 1015 2862 Rutilus.
1089 2809 1172 2864 Zu
1210 2812 1289 2875 11,
1317 2810 1364 2860 2.

619 2907 702 2957 20.
762 2901 1092 2972 Antiphates
1108 2931 1177 2942 —
1193 2903 1558 2973 Polyphemus
1593 2864 2047 2973 spriehwortlich
2072 2902 2161 2959 ωε
2186 2904 2566 2963 wuthefieho.
2616 2907 2749 2978 νει.

482 2990 630 3047 oben
664 2989 783 3044 und
819 2989 914 3045 die
948 3006 1064 3045 von
1088 2989 1364 3059 Weyman
1399 2989 1559 3046 Neue
1585 2987 1854 3058 Sprichw.
1892 2988 2108 3045 Archiv
2132 2989 2277 3046 VIII
2309 2994 2409 3044 485
2435 3009 2489 3048 u.
2515 2996 2616 3047 490
2653 3011 2751 3049 an-

407 3119 415 3126 .
482 3075 783 3146 gefflhrten
819 3074 1048 3131 Stellen.

622 3171 703 3222 22.
775 3169 880 3222 duo
912 3199 983 3208 —
1019 3168 1206 3235 lintea,
1245 3170 1340 3225 die
1376 3185 1436 3225 er
1472 3168 1596 3225 sich
1628 3169 2004 3225 vermuthlich
2038 3170 2115 3225 im
2150 3169 2304 3226 Bade
2340 3171 2497 3228 hatte
2533 3173 2751 3230 stehlen

482 3255 684 3311 lassen.
757 3254 885 3323 Vgl.
922 3256 1080 3311 Mart.
1115 3256 1232 3310 XII
1269 3258 1350 3321 70,
1384 3258 1404 3306 1
1456 3254 1649 3320 (lintea
1693 3254 1865 3311 ferret
1898 3255 2057 3325 Apro
2103 3258 2294 3311 vatius
2341 3273 2468 3312 cum
2516 3260 2752 3314 vernula

481 3345 679 3410 nuper)
735 3340 854 3395 und
913 3342 1053 3398 iiber
1112 3341 1206 3397 die
1259 3340 1591 3410 Haufigkeit
1642 3340 1742 3395 der
1795 3340 2132 3398 Diebstiihle
2187 3343 2244 3397 in
2297 3343 2521 3399 Eiidem
2578 3344 2748 3414 Digg.

479 3420 701 3482 XLVII
725 3428 789 3477 17
827 3426 931 3490 (De
966 3426 1186 3483 furibus
1220 3426 1558 3492 balneariis).

620 3522 703 3573 24.
776 3519 1038 3590 inempta
1089 3522 1380 3591 crya-stulu,
1434 3518 1595 3575 nicht
1645 3519 1863 3576 kflhner
1917 3521 2001 3577 als
2053 3520 2396 3592 locupletem
2440 3524 2751 3593 podagram

485 3607 565 3673 13,
592 3609 658 3659 96
695 3621 749 3661 u.
788 3605 900 3675 dgl.
940 3606 1022 3662 Zu
1058 3609 1105 3673 2,
1137 3610 1247 3660 170.
1320 3607 1442 3662 Liv.
1468 3605 1584 3661 VII
1610 3608 1656 3673 4,
1683 3610 1716 3659 4
1766 3608 1824 3662 in
1868 3623 2012 3677 opus
2046 3608 2280 3676 servile,
2318 3624 2496 3679 prope
2533 3611 2595 3664 in
2629 3625 2749 3664 car-

481 3706 666 3748 cerem
702 3698 874 3762 atque
911 3693 972 3747 in
1009 3692 1370 3763 ergastulum.

621 3781 685 3831 25
707 3795 776 3834 ss.
850 3777 980 3847 Vgl.
1018 3778 1164 3834 auch
1200 3781 1248 3845 6,
1274 3779 1564 3830 239-241.

619 3865 835 3934 Lar-yae
868 3880 976 3920 nur
1009 3864 1147 3921 hier.

619 3952 700 4003 28.
773 3950 983 4004 conscia
1015 3950 1194 4005 nutri.
1268 3950 1430 4007 Ovid.
1459 3949 1528 4005 A.
1557 3967 1605 4005 a.
1633 3950 1724 4005 III
1750 3952 1844 4004 621
1888 3952 2119 4007 conscia
2143 3967 2270 4007 cum
2293 3951 2479 4021 possit
2508 3951 2750 4022 scriptas

481 4040 708 4104 portare
743 4036 998 4093 tabellas.
