3334 5075
667 135 803 199 550·
1468 129 1761 187 Iuvenalis
1796 135 2112 187 saturarum

838 303 1012 371 unde
1055 303 1174 369 tibi
1220 302 1495 371 frontem
1534 304 2032 388 libertatemque
2075 305 2384 389 parentis,

838 437 981 483 cum
1026 415 1232 482 facias
1276 417 1501 500 peiora
1545 434 1746 481 senex
1789 435 2197 499 vacuumque
2241 418 2508 483 cerebro

836 532 972 595 iam
1013 526 1268 614 pridem
1314 534 1509 613 caput
1552 527 1675 593 hoc
1717 534 1993 595 ventosa
2035 528 2368 595 cucurbita
2411 529 2727 613 quaerat}>

923 640 1179 725 hospite
1223 647 1497 707 venturo
1543 639 1828 705 cessabit
1869 658 2059 705 nemo
2104 633 2377 706 tuorum.

711 760 790 817 60
834 746 1046 819 ‘verre
1089 753 1550 837 pavimentum,
1598 750 1843 817 nitidas
1890 750 2160 817 ostende
2203 752 2555 834 columnas,

836 863 1026 930 arida
1070 882 1215 929 cum
1257 869 1397 930 tota
1441 861 1800 929 descendat
1841 882 2085 931 aranea
2129 863 2294 943 tela3

837 975 944 1041 hic
987 976 1136 1041 leve
1181 981 1542 1058 argentum,
1588 993 1750 1041 vasa
1794 993 2032 1059 aspera
2075 981 2330 1059 tergeat
2373 969 2562 1042 alter’

837 1108 964 1155 vox
1010 1085 1253 1152 domini
1295 1085 1452 1152 furit
1494 1086 1799 1152 instantis
1843 1087 2224 1171 virgamque
2268 1088 2569 1154 tenentis.

838 1218 992 1284 ergo
1034 1197 1233 1264 miser
1275 1196 1582 1282 trepidas,
1631 1217 1716 1263 ne
1760 1205 2041 1264 stercore
2086 1198 2281 1265 foeda
2324 1200 2557 1265 canino

713 1320 790 1377 65
837 1312 1006 1377 atria
1051 1308 1441 1394 displiceant
1485 1310 1692 1375 oculis
1736 1311 2061 1376 venientis
2105 1310 2316 1393 amici,

804 1443 920 1508 ‚ne
962 1421 1231 1507 perfusa
1273 1421 1409 1488 luto
1453 1422 1539 1487 sit
1581 1423 1889 1506 porticus,
1939 1429 2003 1488 et
2045 1428 2265 1488 tamen
2308 1442 2439 1488 uno

838 1533 1126 1601 semodio
1170 1533 1381 1599 scobis
1425 1532 1589 1598 haec
1633 1532 1936 1599 emendat
1978 1536 2274 1599 servulus
2318 1553 2517 1601 unus:

836 1645 1003 1711 illud
1045 1665 1175 1711 non
1219 1646 1451 1728 agitas,
1498 1651 1572 1710 ut
1613 1651 1906 1710 sanctam
1950 1644 2124 1711 filius
2168 1645 2340 1711 omni

835 1758 1113 1843 aspiciat
1155 1757 1300 1822 sine
1342 1754 1495 1822 labe
1539 1754 1798 1822 domum
1842 1756 2131 1840 vitioque
2175 1757 2556 1823 carentem?

871 1999 954 2050 67.
1027 1997 1306 2064 emendat]
1342 1998 1613 2066 emundat
1648 2015 1680 2059 ς
1715 2001 1900 2051 contra
1934 1997 2245 2067 Eutychum.

871 2198 953 2249 61.
1024 2194 1317 2250 Claudian.
1344 2196 1515 2265 Rapt
1544 2196 1700 2251 Pros.
1727 2196 1817 2251 III
1847 2199 1942 2249 158
1995 2198 2371 2267 (spatiumque
2406 2197 2685 2263 relictum)
2721 2197 2930 2254 Audax

667 2282 945 2351 sacrilego
981 2279 1287 2350 supplebat
1321 2295 1528 2335 aranea
1560 2282 1693 2337 tela.

872 2369 955 2420 62.
1026 2365 1195 2435 Verg.
1232 2365 1301 2421 A.
1336 2366 1392 2421 V
1432 2368 1528 2419 267
1569 2373 1760 2424 nnten.

874 2455 957 2505 69.
1030 2450 1190 2507 Ovid.
1216 2450 1307 2506 Tr.
1336 2452 1394 2507 II
1423 2455 1522 2504 110
1556 2469 1736 2522 parva
1772 2453 2000 2523 quidem
2035 2453 2225 2523 periit,
2262 2454 2364 2510 sed
2400 2454 2526 2510 sine
2561 2453 2688 2510 labe
2714 2453 2930 2509 domus.

806 2645 886 2695 57.
958 2643 1229 2699 Priscian.
1258 2642 1458 2699 XVIII
1486 2645 1546 2695 31
1589 2642 1755 2699 GLK.
1783 2643 1873 2698 111
1912 2645 2121 2711 222,16
2172 2647 2403 2709 (vacuus
2446 2644 2695 2711 cerebro,
2744 2650 2928 2700 mente

666 2731 900 2867 οδρῗὲἶ·
956 2815 1226 2871 Priscian.
1254 2814 1339 2870 IX
1365 2818 1412 2881 9,
1437 2817 1504 2868 50
1540 2815 1702 2873 GLK.
1730 2816 1789 2870 II
1815 2816 1932 2883 485,
1958 2817 2024 2867 29
2061 2819 2217 2881 (vasa
2249 2844 2319 2854 —
2354 2815 2529 2881 alter).

805 2903 871 2954 66
884 2916 927 2956 s.
998 2899 1240 2971 Eutych.
1278 2899 1401 2955 Art.
1441 2901 1501 2956 II
1537 2904 1568 2953 5
1614 2900 1779 2957 GLK.
1814 2899 1869 2955 V
1903 2903 2023 2969 473,
2056 2903 2088 2952 9
2137 2900 2442 2964 (Iuvenalis
2476 2902 2536 2956 in
2569 2899 2723 2958 libro
2756 2901 2832 2956 V:
2871 2906 2929 2957 et

664 2994 855 3044 tamen
885 3015 957 3026 —
992 2990 1171 3053 unus).

801 3075 883 3126 67.
953 3071 1111 3128 GGL.
1139 3073 1198 3128 11
1233 3089 1287 3141 p.
1318 3073 1433 3140 180,
1460 3073 1521 3124 17
1560 3072 1752 3129 scobis
1787 3076 1999 3143 πρῖσμα.
2070 3072 2217 3127 Einl.
2255 3071 2310 3130 s.
2340 3074 2452 3125 107.

803 3264 885 3314 58.
956 3265 1171 3314 υοπιοεα
1205 3260 1495 3316 cucurbita.
1564 3261 1766 3331 Spiiter
1800 3267 2040 3318 ventosa
2078 3263 2389 3325 (ventouse)
2426 3260 2598 3317 allein
2635 3260 2927 3327 (Theodor.

662 3347 934 3402 Priscian.
979 3345 1063 3401 IV
1094 3345 1131 3401 f.
1167 3347 1309 3399 316⁸.
1351 3347 1494 3401 Plin.
1527 3347 1814 3404 Valerian.
1859 3348 1887 3403 I
1918 3350 1980 3399 51
2025 3353 2292 3404 ventosas
2330 3346 2470 3416 poni
2512 3346 2575 3401 in
2615 3348 2926 3412 cervicem).

662 3431 806 3487 Cels.
833 3432 924 3486 III
951 3433 1014 3483 18
1060 3446 1246 3500 neque
1283 3432 1531 3489 alienum
1565 3438 1655 3489 est
1690 3435 1739 3491 si
1775 3462 1846 3473 —
1879 3448 2063 3504 neque
2098 3448 2255 3489 mens
2290 3436 2517 3488 constat
2548 3461 2619 3470 —
2654 3433 2927 3503 occipitio

665 3517 850 3572 inciso
887 3516 1301 3573 cucurbitulam
1335 3519 1651 3575 admovere.
1703 3520 1928 3576 Petron.
1956 3521 2022 3571 90
2058 3520 2565 3590 quotienscumque
2601 3518 2860 3588 coeperis
2894 3534 2929 3574 a

663 3609 722 3659 te
759 3604 930 3669 exire,
968 3603 1303 3672 sanguinem
1337 3604 1446 3659 tibi
1483 3621 1518 3659 a
1553 3605 1745 3675 capite
1781 3606 2015 3661 mittam.

802 3691 1021 3742 60-61.
1093 3689 1262 3759 Digg.
1301 3689 1560 3745 XXXIII
1589 3693 1634 3757 7,
1664 3692 1727 3743 12
1764 3694 1794 3755 ξ
1819 3692 1884 3742 22
1921 3689 2189 3760 perticae,
2227 3690 2435 3760 quibus
2470 3703 2712 3745 araneae
2747 3689 2928 3747 deter-

662 3782 884 3845 gantur,
921 3775 1059 3832 item
1093 3776 1381 3845 spongiae,
1419 3776 1626 3846 quibus
1649 3776 1945 3833 columnae
1968 3776 2295 3846 pavimenta
2315 3776 2494 3845 podia
2517 3777 2927 3847 abstergantur.

661 3861 790 3931 Vgl.
827 3860 1008 3917 Plaut.
1046 3859 1208 3917 Asin.
1235 3863 1335 3914 424
1372 3874 1425 3916 u.
1465 3860 1638 3917 Stich.
1666 3864 1958 3915 347—357.

802 3949 883 3999 62.
956 3965 1149 4018 aspera
1182 3965 1325 4013 vasa,
1360 3947 1466 4003 mit
1500 3947 1806 4005 erhabener
1829 3947 2035 4004 Arbeit
2055 3947 2376 4015 versehene,
2413 3949 2490 4003 im
2514 3947 2834 4017 Gegensatz
2858 3963 2929 4003 zu

663 4033 788 4089 leve
825 4038 1135 4103 argentum.
1200 4032 1414 4102 Vergil.
1452 4031 1521 4089 A.
1557 4032 1612 4088 V
1636 4035 1735 4086 267
1790 4034 2128 4103 cymbiaque
2166 4038 2400 4104 argento
2450 4033 2704 4103 perfecta
2756 4041 2927 4104 atque

664 4134 865 4188 aspera
899 4119 1095 4189 signis.
