3334 5075
624 134 750 197 538
1445 128 1736 183 Iuvenalis
1773 134 2089 183 saturarum

637 311 753 368 165
802 302 1159 368 caesariem
1206 309 1271 366 et
1315 298 1578 365 madido
1621 305 2035 381 torquentem
2080 318 2324 364 cornua
2366 299 2582 365 cirro‘?

798 434 1032 497 nempe
1078 412 1251 495 quod
1294 412 1463 477 haec
1504 412 1637 477 illis
1682 419 1920 478 natura
1962 418 2064 476 cst
2106 412 2403 479 omnibus
2447 431 2595 476 una.

799 526 885 592 ad
929 526 1179 592 subitas
1222 524 1546 589 Thracum
1591 524 1889 590 volucres
1933 523 2304 605 nubemque
2346 541 2644 590 sonoram

799 639 1172 722 Pygmaeus
1214 637 1437 720 parvis
1482 637 1681 701 currit
1727 635 2009 701 bellator
2049 637 2118 700 in
2163 636 2377 718 armis,

802 770 953 816 mox
994 751 1190 833 inpar
1235 748 1406 813 hosti
1452 755 1809 830 raptusque
1854 767 1973 830 per
2016 767 2177 813 aera
2219 748 2437 813 curvis

636 871 752 926 170
801 861 1126 946 unguibus
1172 881 1215 925 a
1257 879 1458 926 saeva
1504 860 1711 925 fertur
1755 879 1935 943 grue.
2027 861 2083 924 si
2130 857 2360 925 videas
2405 859 2528 925 hoc

799 973 1105 1059 gentibus
1150 974 1220 1037 in
1265 972 1520 1055 nostris,
1568 972 1703 1036 risu
1750 972 2078 1053 quatiare3
2125 971 2243 1037 sed
2286 972 2445 1054 illic,

802 1104 1194 1167 quamquam
1242 1084 1473 1149 eadem
1517 1083 1796 1149 adsidue
1843 1089 2216 1167 spectentur
2260 1083 2525 1166 proelia,
2574 1082 2744 1149 ridet

802 1216 1009 1277 nemo,
1059 1196 1169 1263 nbi
1213 1202 1350 1261 tota
1396 1195 1627 1260 cohors
1672 1194 1843 1278 pede
1890 1215 2018 1260 non
2064 1202 2164 1260 est
2207 1194 2399 1259 altior
2444 1214 2590 1260 uno.

887 1303 1175 1374 ‘nullane
1218 1308 1432 1390 peiuri
1478 1307 1711 1391 capitis
1755 1306 2136 1388 fraudisque
2181 1306 2508 1372 nefandae

637 1430 752 1485 175
803 1440 1018 1505 poena
1062 1419 1232 1485 erit?
1255 1413 1274 1439 ²
1358 1419 1701 1502 abreptum
1748 1418 1938 1483 crede
1983 1418 2154 1483 hunc
2197 1420 2500 1503 graviore
2544 1425 2777 1484 catena

802 1534 1097 1616 protinus
1144 1538 1210 1596 et
1253 1538 1470 1595 nostro
1516 1567 1601 1578 —
1649 1530 1808 1612 quid
1851 1530 2002 1614 plus
2046 1531 2207 1597 velit
2249 1530 2397 1595 ira‘?
2447 1567 2532 1577 —
2576 1531 2794 1596 necari

842 1774 953 1824 166.
1025 1771 1272 1840 spurium
1308 1770 1617 1824 iudicabant
1654 1770 1887 1840 Pinzyer
1920 1774 1972 1823 ct
1998 1769 2280 1823 Heinrich.

843 1859 955 1911 168.
1026 1858 1238 1926 parvis]
1275 1857 1464 1926 longis
1500 1858 1776 1911 Baehrens
1814 1857 1952 1909 Nov.
1981 1857 2178 1909 Amal.
2214 1856 2456 1911 CXXX
2467 1858 2521 1910 V
2539 1866 2671 1911 1887
2699 1875 2759 1926 p.
2788 1865 2902 1911 484.

842 1946 955 1996 174.
1029 1945 1217 2012 peiuri
1255 1963 1319 1997 ex
1352 1944 1537 2013 peiori
1578 1944 1641 1997 P.

846 2170 957 2220 168.
1029 2167 1191 2222 PLM.
1218 2165 1303 2220 IV
1328 2168 1445 2233 370,
1472 2170 1503 2221 ³
1553 2166 1667 2222 Sed
1715 2167 1863 2221 ratio
1900 2171 1988 2221 est
2021 2167 2232 2221 mixtus
2267 2166 2454 2235 longis
2488 2166 2808 2237 Pygmaeus
2847 2167 2906 2220 in

634 2254 819 2319 armis,
856 2254 944 2308 Nc
980 2258 1038 2307 te
1074 2253 1413 2321 deprensum
1449 2266 1585 2319 grus
1619 2253 1924 2321 peregrina
1961 2259 2140 2307 vocet.

631 2476 764 2531 Tac.
792 2475 857 2531 G.
885 2479 917 2527 4
954 2484 1142 2531 truces
1178 2481 1238 2530 et
1273 2476 1521 2531 caerulei
1560 2476 1731 2543 oculi,
1768 2477 1973 2532 rutilae
2011 2491 2219 2532 comae.
2292 2474 2509 2531 Auson.
2551 2476 2633 2530 Id.
2664 2479 2710 2544 7,
2736 2478 2903 2528 9-10

634 2562 915 2618 Germana
948 2567 1202 2617 maneret
1236 2561 1314 2616 Ut
1346 2561 1549 2629 facies,
1589 2563 1786 2617 oculos
1824 2562 2066 2627 caerula,
2104 2562 2251 2618 flava
2287 2579 2493 2618 comas.

756 2652 974 2722 flavam
1014 2650 1127 2700 165.
1173 2647 1487 2703 Caesar-iem.
1550 2647 1746 2703 Claud.
1774 2648 1949 2703 Laud.
1977 2647 2100 2703 Stil.
2127 2648 2216 2702 111
2249 2651 2308 2700 18
2346 2648 2588 2704 flavente
2613 2647 2908 2720 Sycambri

635 2734 914 2790 Caesarie.
975 2733 1180 2790 Avien.
1208 2735 1403 2788 Descr.
1431 2734 1548 2788 orb.
1576 2743 1614 2789 t.
1643 2737 1745 2787 419
1782 2733 2041 2803 flavaque
2067 2734 2374 2789 caesariem
2399 2733 2716 2789 Germania.
2778 2733 2903 2789 Sen.

634 2821 729 2875 Ira
763 2821 853 2875 111
881 2822 962 2887 26,
990 2822 1019 2871 3
1073 2836 1180 2875 nec
1226 2818 1385 2874 rufus
1431 2821 1606 2876 crinis
1654 2824 1714 2875 et
1757 2826 1991 2874 coactus
2036 2821 2097 2874 in
2140 2820 2350 2874 nodum
2401 2820 2554 2888 apud
2601 2819 2910 2876 Germanos

633 2907 818 2961 virum
864 2906 1117 2962 dedecet.
1191 2907 1291 2971 (Zu
1325 2905 1483 2960 Mart.
1524 2905 1711 2975 Spect.
1751 2908 1799 2973 3,
1826 2908 1891 2969 9.)
1965 2904 2226 2975 Calpurn.
2265 2905 2422 2960 Decl.
2462 2906 2492 2956 2
2548 2921 2654 2960 sua
2700 2906 2908 2974 cuique

634 2993 793 3062 genti
844 2994 1015 3048 etiam
1062 2991 1240 3048 facies
1289 2998 1491 3047 manet
1538 2992 1697 3047 rutili
1735 2999 1869 3047 sunt
1904 2992 2238 3048 Germaniae
2276 2991 2468 3045 vultus
2504 2997 2563 3047 et
2597 2990 2745 3047 flava
2779 3008 2908 3060 pro·

636 3079 859 3134 ceritas.

777 3166 891 3215 167.
965 3165 1037 3216 ad
1087 3164 1290 3216 subitae
1348 3164 1614 3215 Thracum
1659 3165 1896 3216 volueres
1939 3164 2230 3233 nubemque
2279 3181 2539 3217 sonoram.
2614 3165 2695 3220 Zu
2745 3166 2788 3230 1,
2827 3166 2906 3215 72.

640 3248 802 3304 Ovid.
830 3247 898 3302 A.
926 3266 975 3303 a.
1004 3250 1094 3303 ΙΙΙ
1123 3250 1219 3300 182
1255 3247 1647 3303 Threiciamve
1684 3264 1895 3317 gruem.
1967 3249 2136 3318 Verg.
2159 3248 2222 3305 G.
2249 3250 2277 3303 Ι
2305 3251 2404 3301 120
2440 3248 2909 3321 Strymoniaeque

636 3349 820 3402 grues.

783 3420 894 3469 168.
971 3419 1284 3487 qumaem.
1358 3421 1517 3475 Hom.
1558 3421 1723 3475 Iliad.
1752 3418 1790 3474 Γ
1816 3423 1964 3473 3-6.

781 3506 895 3555 174.
961 3502 1152 3573 peiuri
1199 3512 1278 3569 (so
1318 3506 1443 3571 ΡΒ).
1517 3506 1703 3563 Ueber
1751 3507 1845 3562 die
1894 3508 2304 3577 orthographie
2354 3507 2609 3563 Fritsche
2669 3524 2737 3562 zu
2775 3507 2908 3561 Hor.

640 3589 693 3646 S.
729 3591 786 3644 II
822 3592 992 3655 3,127
1044 3591 1159 3646 und
1201 3592 1339 3646 Brix
1373 3591 1556 3646 Plant.
1595 3592 1777 3647 Trin.²
1809 3596 1926 3645 201.
1998 3593 2240 3657 (Ritschl
2285 3594 2371 3649 ed.
2410 3594 2491 3647 11:
2547 3594 2804 3661 peiurius
2837 3591 2909 3657 A,

636 3677 990 3732 vindicatum
1028 3694 1063 3731 a
1098 3677 1487 3733 Studemundo
1524 3694 1577 3747 p.
1607 3680 1705 3731 588
1761 3679 1906 3734 duce
1942 3678 2193 3735 Usenero
2229 3679 2434 3734 Annal.
2471 3678 2665 3748 philol.
2705 3687 2742 3731 t.
2780 3677 2912 3733 XCI

640 3767 705 3827 (a.
747 3765 894 3825 1865)
933 3779 985 3831 p.
1025 3765 1126 3815 226
1145 3780 1187 3819 s.
1235 3765 1373 3820 iiber
1409 3764 1649 3833 periero.
1725 3762 2201 3834 Verg.A.11195
2250 3766 2537 3821 Mediceus
2572 3781 2688 3819 von
2723 3765 2913 3820 hester

639 3849 806 3904 Hand
839 3848 1140 3916 PEIVRI).

780 3937 877 3987 176
897 3952 939 3989 s.
1012 3941 1194 3989 nostro
1227 3965 1299 3975 —
1332 3936 1518 3990 meari
1548 3937 1817 3991 Arbitrio.
1888 3937 2022 3992 Tac.
2049 3937 2117 3992 A.
2144 3937 2282 3992 XVI
2308 3939 2372 3990 33
2420 3937 2702 3992 Thraseae
2747 3938 2913 3992 Sora-

638 4036 825 4090 noque
863 4027 922 4077 et
957 4021 1233 4078 Serviliae
1270 4023 1436 4078 datur
1472 4025 1671 4080 mortis
1708 4025 2016 4081 arbitrium.
2090 4024 2319 4080 Sueton.
2355 4024 2567 4078 Domit.
2607 4026 2638 4076 8
2674 4024 2913 4079 liberum

640 4108 836 4163 mortis
870 4136 939 4148 -
977 4109 1284 4164 arbitrium.
