3334 5075
632 371 759 435 480
1451 366 1742 422 Iuvenalis
1777 372 2092 423 saturarum

807 539 1074 605 exilium
1120 545 1184 604 et
1229 555 1450 604 carcer
1494 537 2093 620 Minturnarumque
2136 535 2413 621 paludes

804 657 871 716 et
914 649 1318 715 mendicatus
1360 650 1536 713 vieta
1580 647 1979 733 Carthagine
2021 649 2214 733 panis

803 763 959 827 hinc
1001 779 1235 826 causas
1278 759 1592 838 habuere;
1640 757 1801 840 quid
1843 759 1957 825 illo
2003 760 2147 825 cive
2190 760 2452 825 tulisset

803 880 1038 939 natura
1080 873 1148 937 in
1192 871 1401 952 terrie,
1451 868 1610 952 quid
1653 871 1861 934 Roma
1904 869 2159 936 beatius
2199 889 2525 954 umquam,

634 992 756 1050 280
806 986 863 1050 si
908 982 1344 1049 circumducto
1389 981 1791 1065 captivorum
1836 982 2097 1066 agmine
2142 988 2208 1047 et
2252 983 2426 1047 omni

804 1095 1117 1161 bellorum
1164 1112 1402 1176 pompa
1446 1093 1731 1157 animam
1777 1092 2152 1159 exhalasset
2194 1094 2494 1176 opimam,

805 1226 949 1272 cum
995 1203 1078 1270 de
1121 1205 1476 1269 Teutonico
1521 1203 1724 1269 vellet
1765 1201 2161 1269 descendere
2204 1203 2442 1268 curru?

803 1314 1081 1403 provida
1122 1315 1432 1398 Pompeio
1478 1312 1752 1380 dederat
1796 1313 2157 1398 Campania
2200 1313 2416 1379 febres

804 1424 1141 1511 optandas,
1188 1423 1306 1491 sed
1350 1426 1594 1489 multae
1638 1423 1836 1489 urbes
1881 1431 1946 1490 et
1988 1424 2254 1508 publiea
2294 1432 2448 1491 vota

652 1551 804 1559 ..——--—

841 1616 956 1666 283.
1029 1611 1146 1668 Cic.
1172 1611 1338 1667 Tusc.
1367 1612 1395 1666 Ι
1421 1615 1504 1679 35,
1531 1613 1596 1664 86
1632 1619 1826 1667 unten.

840 1701 956 1751 284.
1030 1697 1192 1753 Ovid.
1218 1698 1349 1752 Met.
1375 1696 1490 1751 VII
1518 1698 1619 1749 449
1656 1713 1761 1766 pro
1797 1701 1871 1763 te,
1908 1695 2232 1764 fortissime,
2279 1703 2416 1752 vota
2450 1697 2689 1753 Publica
2724 1699 2901 1754 susci-

631 1788 833 1855 pimus.
905 1783 1200 1839 Claudian.
1226 1781 1310 1836 VI
1335 1797 1487 1837 cons.
1515 1782 1723 1837 Honor.
1752 1783 1851 1833 333
1888 1797 1995 1837 nec
2030 1782 2134 1836 tali
2170 1781 2405 1850 publica
2436 1788 2575 1838 vota
2609 1781 2900 1838 Consensu

631 1873 865 1927 tradunt
898 1870 1055 1925 atavi
1079 1869 1338 1924 caluisse
1373 1883 1475 1937 per
1511 1868 1721 1923 urbem.

770 2043 887 2093 277.
957 2039 1232 2095 Ρτίεοίειιι.
1258 2038 1405 2093 VIII
1438 2041 1496 2091 10
1533 2036 1699 2094 GLK.
1728 2036 1787 2091 11
1814 2038 1930 2104 376,
1952 2039 1983 2089 6
2012 2036 2178 2102 {idem
2204 2037 2262 2092 in
2284 2037 2508 2093 eodem:
2536 2045 2680 2094 et—
2699 2040 2898 2108 panis).

769 2129 868 2179 278
885 2143 927 2181 s.
998 2126 1271 2180 Priscian.
1298 2123 1411 2178 VII
1443 2125 1521 2189 13,
1548 2124 1613 2175 68
1652 2122 1818 2178 GLK.
1843 2123 1903 2177 11
1928 2123 2047 2188 344,
2077 2125 2138 2176 18
2178 2123 2335 2191 (quid
2368 2153 2437 2163 -
2472 2125 2669 2186 terris).

769 2214 869 2264 280
885 2227 927 2266 s.
999 2211 1274 2267 Priscian.
1308 2211 1392 2265 XI
1427 2212 1475 2276 9,
1513 2213 1578 2262 33
1629 2209 1793 2265 GLK.
1840 2210 1897 2263 II
1934 2213 2049 2277 570,
2090 2211 2153 2261 12
2208 2210 2515 2276 (Iuvenalis
2553 2211 2613 2265 in
2648 2211 2793 2266 1111:
2844 2217 2901 2266 et

631 2299 784 2355 omni
822 2327 888 2337 —
925 2298 1203 2366 opimam).

770 2386 869 2435 282
881 2400 923 2439 s.
998 2382 1181 2438 Schol.
1208 2382 1426 2437 Lucani
1463 2381 1489 2435 Ι
1517 2384 1632 2434 256.

770 2547 1059 2598 276-282.
1130 2543 1257 2600 Auf
1285 2545 1387 2599 das
1411 2540 1707 2599 Schicksal
1743 2544 1844 2599 des
1866 2544 2093 2609 Marius,
2133 2543 2235 2598 das
2272 2543 2449 2599 sehon
2471 2543 2653 2599 Varro
2680 2545 2738 2599 in
2775 2545 2903 2599 dem

631 2629 1064 2697 Loghistoricus
1117 2629 1329 2684 Marius
1382 2631 1506 2684 sive
1559 2630 1630 2683 de
1685 2626 1915 2684 fortuna
1965 2627 2051 2682 als
2103 2628 2394 2697 typisches
2436 2629 2688 2698 Beispiel
2728 2629 2904 2697 jiihen

632 2713 1123 2771 Gltickswechsels
1155 2715 1390 2771 benutzt
1422 2714 1597 2780 hatte,
1633 2712 1829 2769 wurde
1865 2713 1926 2767 in
1961 2712 2426 2769 moralisirenden
2448 2713 2905 2783 Betrachtungen

635 2799 946 2855 besonders
981 2815 1124 2868 gem
1169 2802 1482 2856 verwiesen
1527 2804 1587 2865 (z.
1625 2800 1688 2853 Β.
1724 2798 1840 2853 Cic.
1880 2797 2046 2852 Tusc.
2082 2797 2136 2853 V
2172 2799 2251 2866 19,
2285 2800 2351 2850 56
2387 2798 2683 2854 Paradoxa
2716 2801 2764 2866 2,
2804 2801 2902 2866 16),

629 2884 972 2940 namentlich
1013 2886 1072 2940 in
1109 2886 1209 2940 der
1244 2883 1757 2952 Rhetorenschu103
1814 2883 1926 2953 vgl.
1962 2882 2265 2938 Morawski
2314 2884 2402 2939 De
2444 2883 2583 2938 rhet.
2632 2883 2729 2938 lat.
2770 2886 2902 2937 1892

628 2985 684 3039 p.
727 2971 789 3022 12
817 2985 888 3024 ss.
965 2969 1093 3025 Sen.
1129 2970 1317 3025 contr.
1359 2969 1387 3023 Ι
1426 2972 1470 3035 1,
1510 2971 1541 3022 3
1593 2969 1760 3024 Porci
1806 2968 2093 3024 Latronis:
2145 2969 2274 3036 quis
2328 2969 2585 3024 crederet
2625 2969 2906 3026 iacentem

628 3070 803 3125 supra
850 3056 1200 3124 crepidinem
1244 3055 1482 3110 Marium
1529 3058 1659 3119 (aut)
1707 3054 1887 3110 fuisse
1937 3053 2224 3109 consulem
2270 3062 2371 3109 aut
2412 3052 2679 3109 futurum.
2752 3055 2835 3111 Ib.
2872 3058 2904 3107 5

626 3140 687 3194 Ρ.
713 3139 1072 3208 Asprenatis:
1112 3141 1262 3209 quid»
1280 3138 1518 3195 referam
1542 3140 1783 3194 Marium
1817 3145 1981 3195 sexto
2006 3138 2309 3195 consulatu
2334 3137 2665 3208 Carthagini
2688 3141 2907 3196 mendi·

628 3231 853 3280 cantem
888 3224 1131 3292 septimo
1170 3223 1387 3279 Romae
1423 3225 1829 3293 imperantem?
1896 3224 1979 3280 Ib.
2005 3224 2121 3279 V11
2145 3227 2176 3276 2
2204 3226 2303 3288 (17)
2331 3226 2363 3275 6
2399 3223 2721 3293 CapitonIs:
2762 3225 2907 3280 Min·

630 3310 917 3366 turnensis
951 3309 1117 3376 palus
1142 3307 1364 3364 exulem
1387 3308 1626 3363 Marium
1648 3324 1766 3364 non
1799 3309 1994 3366 hausit
2013 3338 2086 3348 —
2118 3315 2346 3378 praetor
2381 3310 2490 3364 iter
2525 3326 2560 3364 a
2595 3317 2907 3379 conspectu

631 3394 817 3451 exulis
870 3393 1050 3449 flexit:
1108 3393 1208 3461 qui
1262 3393 1324 3447 in
1373 3392 1665 3460 crepidine
1719 3393 1946 3448 viderat
1995 3394 2259 3461 Marium,
2313 3394 2375 3448 in
2427 3394 2568 3449 sella
2619 3393 2902 3464 figuravit-

629 3479 760 3548 Vgl.
785 3477 976 3534 Manil.
1002 3477 1087 3532 IV
1112 3479 1177 3528 45
1199 3492 1272 3531 ss.
1317 3475 1505 3532 Valer.
1531 3478 1677 3532 Max.
1703 3477 1789 3533 IV
1821 3479 1869 3545 9,
1899 3481 1964 3532 14
1997 3479 2208 3533 Lucan.
2247 3478 2306 3532 ΙΙ
2343 3480 2576 3544 69-75;
2616 3481 2903 3532 130-133.

770 3567 887 3615 281.
959 3562 1194 3615 animam
1226 3590 1298 3600 —
1332 3561 1576 3631 opimam.
1646 3562 1774 3617 Val.
1800 3564 1944 3618 Max.
1971 3563 2056 3617 IV
2089 3565 2137 3629 3,
2175 3566 2237 3615 10
2274 3564 2467 3632 opima
2500 3563 2699 3632 gloria.
2771 3565 2903 3620 Hor.

631 3649 691 3704 C.
718 3647 803 3703 IV
826 3651 875 3713 4,
904 3650 964 3700 51
1007 3647 1230 3715 opimus
1266 3647 1598 3715 triumphus.
1645 3646 1798 3703 Curt„
1825 3648 1937 3703 VII
1963 3652 1994 3701 4
2033 3648 2284 3717 opimum
2317 3648 2455 3704 belli
2491 3649 2682 3704 decus.

770 3734 1060 3785 283-286.
1134 3732 1272 3787 Hier
1307 3730 1605 3801 sehwebte‚
1642 3733 1752 3787 wie
1777 3732 2052 3789 Biicheler
2074 3732 2331 3788 bemerkt
2352 3732 2453 3789 hat
2489 3733 2653 3797 (oben
2689 3732 2744 3789 S.
2770 3736 2907 3800 452),

630 3816 880 3874 Juvenal
924 3816 1035 3872 wel
1089 3818 1183 3873 die
1233 3817 1408 3874 Stelle
1457 3816 1574 3872 Cic.
1620 3816 1787 3874 Tusc.
1826 3818 1854 3872 Ι
1892 3818 1975 3885 35,
2009 3819 2075 3870 86
2123 3833 2249 3873 vor:
2297 3818 2570 3886 Pompeio
2618 3846 2688 3856 —
2736 3834 2908 3888 quum

630 3904 884 3973 graviter
932 3909 1256 3973 aegrotaret
1302 3902 1543 3972 Neapoli
1593 3903 1689 3967 (im
1722 3902 1775 3957 J.
1826 3906 1892 3954 50
1936 3921 1990 3959 v.
2025 3901 2170 3967 Chr.)
2215 3932 2284 3941 —
2331 3902 2507 3972 vulgo
2557 3917 2626 3957 ex
2676 3903 2908 3973 oppidis

632 3988 864 4060 publice
899 3989 1345 4058 gratulabantur.
1381 4017 1453 4028 —
1487 3986 1599 4053 Qui
1635 3989 1688 4044 si
1723 3996 1958 4046 mortem
1993 3994 2132 4044 tunc
2167 3988 2399 4055 obisset,
2447 3988 2508 4042 in
2543 3988 2910 4056 amplissimis

633 4074 879 4131 fortunis
916 4075 1237 4141 occidisset,
1277 4075 1327 4129 is
1361 4075 1779 4143 propagatione
1805 4074 1960 4130 vitae
1986 4080 2141 4143 quot,
2178 4081 2436 4142 quantas,
2474 4088 2642 4141 quam
2667 4073 2910 4129 incredi-

633 4160 780 4216 biles
806 4160 1000 4216 hausit
1023 4160 1391 4215 calamitates.
1438 4157 1568 4228 Vgl.
1589 4159 1790 4215 Vellei.
1806 4160 1864 4213 11
1885 4162 1969 4225 48,
1990 4161 2037 4212 2.
2064 4159 2191 4215 Seu.
2213 4158 2437 4214 Consol.
2466 4158 2555 4213 ad.
2580 4157 2750 4212 Mare.
2766 4161 2906 4223 20,4.

632 4245 756 4300 Liv.
782 4245 868 4299 IX
897 4248 977 4311 17,
1004 4248 1051 4298 6.
1088 4245 1289 4301 Florus
1315 4244 1372 4299 ΙΙ
1399 4243 1463 4296 13
1491 4267 1555 4291 =
1582 4244 1667 4299 IV
1691 4247 1739 4311 2,
1767 4246 1798 4297 8
1836 4250 1940 4300 etc.
1996 4244 2164 4300 Auch
2185 4245 2491 4313 Pompeius
2515 4258 2632 4298 war
2657 4243 2909 4300 offenbar

635 4332 764 4385 eine
799 4329 1241 4400 Lieblingsfigur
1277 4331 1377 4385 der
1413 4328 1917 4387 Rhetoreuschule.
1991 4329 2291 4385 Morawski
2328 4346 2383 4399 p.
2413 4332 2492 4382 15.
