3334 5075
642 342 769 404 226
1460 333 1751 391 Iuvenalis
1785 342 2099 392 saturarum

812 508 1131 594 inpositas
1176 508 1393 593 capiti,
1441 526 1605 592 quae
1647 513 1825 573 recto
1869 508 2113 573 vertice
2156 512 2373 591 portat

810 619 1112 685 servulus
1155 618 1388 685 infelix
1434 626 1500 685 et
1544 636 1737 684 cursu
1781 617 2058 684 ventilat
2099 619 2337 703 ignem.

809 728 1191 796 scinduntur
1233 731 1494 796 tunicae
1539 736 1758 796 sartae
1803 728 2010 811 modo,
2059 727 2261 814 longa
2302 735 2596 795 coruscat

641 849 763 905 255
810 860 1067 907 serraco
1114 840 1419 907 veniente
1465 839 1666 922 abies,
1714 845 1910 923 atque
1955 841 2163 906 altera
2206 839 2431 924 pinum

809 951 1105 1037 plaustra
1146 951 1407 1033 vehunt,
1456 957 1688 1016 nutant
1730 949 1863 1017 alte
1909 951 2279 1036 populoque
2323 951 2664 1016 minantur.

814 1082 965 1127 nam
1011 1063 1065 1128 si
1110 1061 1454 1147 procubuit
1498 1063 1609 1145 qui
1655 1080 1821 1126 saxa
1865 1062 2200 1146 Ligustica
2242 1068 2459 1147 portat

813 1173 956 1238 axis
1002 1179 1069 1238 et
1112 1189 1408 1238 eversum
1452 1170 1620 1237 fudit
1664 1191 1859 1256 super
1903 1174 2169 1255 agmina
2209 1180 2508 1255 montem,

819 1281 977 1366 quid
1021 1289 1322 1366 superest
1366 1281 1449 1347 de
1494 1282 1918 1366 corporibus?
1967 1283 2113 1365 quis
2157 1282 2466 1364 membra,
2515 1284 2662 1366 quis
2706 1301 2856 1349 ossa

644 1401 767 1458 260
814 1393 1113 1459 invenit?
1163 1392 1465 1459 obtritum
1510 1393 1691 1478 vulgi
1735 1396 1907 1478 perit
1950 1412 2137 1460 omne
2180 1392 2464 1461 cadaver

849 1600 965 1651 259.
1038 1597 1110 1653 «10
1135 1614 1182 1666 p
1215 1613 1251 1653 ο
1288 1597 1482 1652 ΡΒοῡ
1505 1597 1663 1652 Bm.

849 1788 967 1839 256.
1037 1785 1251 1855 Vergil.
1276 1784 1345 1841 A.
1372 1785 1433 1840 Π
1457 1786 1726 1838 626-631
1770 1786 1870 1841 illa
1906 1791 2095 1849 (ornus
2119 1787 2323 1852 accisa)
2349 1802 2531 1858 usque
2559 1788 2805 1844 minatur
2837 1788 2912 1844 Et

643 1870 974 1930 tremefacta
1009 1886 1226 1926 comam
1262 1886 1539 1926 concusso
1574 1871 1791 1926 vertice
1825 1878 2006 1928 nutat.

849 1958 968 2010 259.
1039 1955 1333 2011 claudian.
1354 1956 1423 2010 In
1440 1953 1628 2010 Rufin.
1648 1954 1709 2010 II
1725 1958 1824 2007 417
1847 1972 2215 2026 sparsumque
2234 1958 2385 2027 perit
2399 1973 2502 2028 per
2519 1958 2637 2015 tela
2653 1958 2910 2015 cadaver.

783 2147 882 2198 254
894 2160 937 2201 s.
1011 2142 1164 2199 Serv.
1192 2143 1279 2198 De
1304 2148 1425 2198 arte
1450 2149 1737 2210 grammat.
1777 2140 1942 2197 GLK.
1969 2142 2054 2198 IV
2080 2146 2196 2212 514,
2221 2147 2281 2197 17
2307 2146 2659 2212 (scinduntur
2683 2147 2911 2204 tunicae

644 2233 864 2293 sartae).
937 2229 1091 2285 Serv.
1118 2228 1287 2297 Verg.
1313 2226 1383 2283 A.
1410 2227 1439 2282 I
1468 2229 1563 2279 164
1604 2227 1793 2296 (longa
1826 2258 1896 2267 -
1932 2228 2121 2294 abies).

644 2418 1001 2484 Germanien,
1048 2421 1213 2470 unter
1259 2415 1408 2470 Nero
1456 2416 1515 2469 in
1563 2413 1885 2483 Armenion,
1935 2422 1967 2478 †
1994 2419 2076 2482 67,
2125 2433 2240 2472 war
2275 2419 2420 2472 nach
2452 2417 2584 2473 Tac.
2610 2417 2680 2474 A.
2707 2420 2853 2475 XIII
2880 2422 2910 2473 8

643 2518 880 2572 corpore
916 2502 1133 2572 ingens,
1172 2500 1289 2557 und
1324 2500 1466 2556 nach
1505 2500 1693 2557 dieser
1730 2500 1907 2558 Stelle
1950 2501 2107 2559 hatte
2153 2502 2276 2559 sich
2320 2503 2413 2559 die
2447 2504 2803 2575 Erinnerung
2839 2522 2912 2561 an

644 2590 802 2647 scine
838 2588 1254 2657 Hunengestalt
1291 2586 1481 2651 (durch
1519 2586 1678 2642 scine
1714 2586 1969 2653 Statuen)
2008 2588 2288 2655 erhalten3
2326 2587 2452 2644 falls
2475 2589 2722 2646 Juvenal
2754 2591 2915 2648 nicht
3020 2644 3028 2651 .

643 2676 810 2731 einen
859 2675 920 2730 in
963 2674 1149 2729 eeiner
1198 2673 1322 2728 Zeit
1369 2673 1429 2727 in
1475 2672 1621 2727 Rom
1671 2672 2073 2731 allbekannten
2126 2673 2356 2730 starken
2401 2676 2570 2729 Manu
2617 2675 2914 2733 desselben

643 2761 886 2815 Namens
930 2758 1121 2813 meint.
1208 2757 1391 2814 Schol.
1443 2756 1543 2812 alii
1598 2756 1800 2812 dicunt
1853 2758 2120 2815 athletam
2173 2759 2328 2816 illins
2390 2761 2662 2829 temporie
2713 2761 2915 2817 fortem

644 2843 1020 2900 Corbulonem
1055 2842 1249 2908 fuisse,
1288 2844 1388 2899 alii
1424 2858 1606 2913 genus
1643 2842 1827 2899 navis.

782 2930 897 2980 255.
969 2945 1209 2982 corraeos
1248 2929 1412 2984 zwei-
1450 2927 1567 2983 und
1601 2927 1984 2998 vierriidriger
2021 2930 2373 2999 Laetwagen.
2446 2931 2771 3001 Marquardt
2805 2933 2912 2987 Prl.

644 3016 703 3070 Π
730 3016 843 3067 732.
905 3013 1033 3070 Sen.
1059 3014 1201 3084 Epp.
1230 3016 1311 3081 90,
1338 3016 1370 3065 9
1406 3014 1576 3083 pinus
1613 3019 1714 3068 aut
1750 3013 1908 3070 abies
1933 3013 2305 3081 deferebatur,
2330 3016 2502 3085 longo
2527 3016 2915 3073 vehiculorum

645 3100 844 3155 ordine
880 3100 1027 3155 vicis
1069 3098 1515 3154 inu-ementibus.
1587 3099 1941 3167 Lastwagen,
1988 3100 2083 3154 die
2127 3100 2387 3157 Material
2435 3118 2504 3156 zu
2550 3102 2914 3159 offentlichen

645 3185 761 3240 und
795 3183 1242 3253 Tempelbauten
1275 3181 1691 3247 heranfuhrton,
1718 3182 1944 3240 durften
1976 3184 2038 3239 in
2061 3184 2209 3239 Rom
2234 3186 2378 3241 auch
2402 3186 2496 3242 bei
2520 3186 2677 3257 Tage
2703 3187 2912 3244 salu-on.

653 3268 758 3326 SG.
787 3271 814 3325 I
841 3272 920 3321 71.

785 3356 900 3406 257.
972 3371 1103 3406 saxa
1140 3350 1418 3421 Liquetioa
1459 3353 1904 3410 Marmorbliicke
1949 3370 2062 3409 von
2098 3356 2259 3410 Luna
2295 3356 2579 3421 (emata).
2650 3358 2915 3416 Blflmner

645 3439 832 3495 T.u.T.
861 3438 950 3494 III
976 3439 1195 3490 39-41,
1255 3437 1413 3493 Mart.
1439 3439 1494 3496 V
1519 3442 1583 3492 22
1619 3455 1877 3510 quaeque
1902 3439 2048 3495 trahi
2073 3439 2250 3495 multo
2274 3457 2550 3497 marmora
2576 3441 2712 3499 fune
2734 3444 2914 3501 vides.

783 3526 900 3576 259.
975 3521 1124 3584 Quid
1165 3528 1403 3591 supere-st
1447 3525 1511 3577 de
1568 3524 1918 3594 corporibus?
1993 3526 2107 3580 Fur
2158 3527 2252 3581 die
2289 3527 2488 3583 Lesart
2529 3544 2644 3583 von
2680 3529 2734 3582 P
2763 3527 2917 3585 fuhrt

643 3610 787 3664 Beer
821 3625 876 3678 p.
904 3609 969 3660 66
1008 3622 1102 3662 an:
1142 3606 1240 3662 Ov.
1267 3606 1391 3663 Am.
1418 3609 1508 3665 III
1534 3612 1582 3676 9,
1609 3613 1676 3663 40
1722 3609 1823 3665 vix
1866 3616 2055 3666 manet
2101 3626 2133 3666 e
2186 3617 2326 3679 tote,
2378 3628 2558 3681 parva
2601 3613 2754 3683 quod
2801 3631 2917 3671 una.

645 3694 819 3763 capit,
869 3692 942 3747 ib.
971 3692 1127 3759 59l60
1172 3693 1221 3747 ei
1270 3699 1459 3750 tamen
1496 3710 1527 3750 e
1562 3694 1729 3750 nobis
1765 3694 1984 3764 aliquid
2021 3725 2088 3734 —
2123 3696 2341 3752 Restat„
2411 3698 2594 3752 ‘Doch
2636 3699 2767 3755 Juv.
2816 3700 2917 3758 hat

647 3777 863 3835 fiberall
911 3792 1005 3843 ex;
1054 3792 1086 3833 e
1129 3794 1236 3833 nur
1280 3780 1341 3834 iu
1390 3795 1421 3835 e
1469 3779 1645 3845 caelo,
1693 3795 1725 3836 e
1768 3780 1957 3836 medio
2001 3781 2119 3836 und
2156 3796 2187 3837 e
2230 3780 2402 3850 pleno
2441 3798 2663 3851 acervo,
2704 3786 2816 3842 wie
2852 3801 2914 3842 es

646 3863 883 3929 scheint,
920 3863 1225 3933 typischen
1257 3865 1537 3921 Phrasen?
1610 3865 1890 3919 Bucheler.

783 3950 899 4002 260.
974 3949 1227 4002 obtritum
1270 3949 1421 4019 vulqi
1452 3949 1604 4021 perit
1652 3968 1800 4004 omne
1851 3950 2077 4004 cadaver
2113 3952 2272 4005 More
2320 3951 2542 4007 animae.
2615 3954 2743 4010 Sen.
2768 3957 2912 4026 Epp.

648 4036 730 4101 57,
759 4036 787 4084 7
826 4032 1042 4099 (Stoici)
1081 4035 1409 4091 existimant
1444 4036 1687 4091 animam
1721 4036 1967 4092 hominis
2001 4053 2207 4107 magno
2250 4039 2503 4108 pondere
2547 4041 2742 4096 extriti
2788 4057 2914 4110 per·

644 4133 869 4176 manere
913 4134 1028 4174 non
1075 4135 1245 4188 posse
1297 4125 1356 4175 et
1404 4121 1597 4176 statim
1642 4122 1848 4191 spargi.
1919 4121 2141 4178 Dachte
2185 4124 2432 4181 Juvenal
2481 4142 2554 4180 an
2598 4126 2755 4183 diese
2801 4142 2915 4182 von

647 4203 865 4261 Seneca
898 4202 1244 4262 verworfene
1293 4205 1457 4269 (doch
1490 4205 1602 4261 wol
1652 4222 1759 4261 nur
1802 4222 1918 4261 von
1962 4208 2272 4263 Einzelnen
2318 4208 2377 4264 in
2423 4210 2522 4266 der
2567 4210 2773 4267 Schule
2816 4227 2913 4281 gc-

645 4287 860 4355 theuto,
898 4287 1079 4344 Zeller
1115 4288 1300 4346 GdPh.
1329 4289 1419 4345 III
1449 4290 1501 4343 12
1529 4293 1642 4359 186,
1674 4293 1718 4358 1)
1756 4292 2005 4348 stoische
2041 4291 2321 4349 Ansicht?
