3334 5075
1169 55 1339 111 Liber
1374 55 1623 126 quintus.
1697 54 1903 111 Satura
1937 55 2091 112 XIV.
2646 61 2765 123 551

553 237 628 292 70
674 233 931 312 gratum
977 234 1078 293 est
1120 225 1292 308 quod
1335 228 1589 312 patriae
1633 229 1843 293 civem
1887 229 2253 312 populoque
2297 226 2554 310 dedisti,

677 341 736 405 si
782 339 946 406 facis
988 344 1060 405 ut
1102 341 1358 423 patriae
1403 340 1489 404 sit
1530 337 1822 421 idoneus,
1870 339 2048 405 utilis
2092 340 2286 423 agris,

676 450 858 517 utilis
904 457 972 516 et
1013 450 1331 516 bellorum
1374 456 1440 517 et
1482 450 1663 535 pacis
1710 452 1904 517 rebus
1949 450 2241 534 agendis,

676 562 1026 648 plurimum
1057 562 1228 627 enim
1272 563 1566 629 intererit
1594 561 1828 644 quibus
1859 563 2104 629 artibus
2135 571 2201 630 et
2232 562 2466 645 quibus
2495 561 2667 628 hunc
2698 570 2766 628 tu

676 672 962 740 moribus
1006 674 1326 740 instituas.
1416 682 1722 758 serpente
1766 674 2016 739 ciconia
2058 674 2274 760 pullos

553 795 629 850 75
675 787 877 853 nutrit
920 793 985 851 et
1027 786 1294 853 inventa
1335 806 1455 870 per
1494 784 1695 852 devia
1735 805 1889 852 rura
1933 786 2207 853 lacerta:

677 898 778 964 illi
824 897 1055 963 eadem
1100 898 1374 981 sumptis
1420 904 1738 981 quaerunt
1781 898 2091 963 animalia
2133 897 2372 983 pinnis.

675 1012 894 1076 vultur
934 1009 1222 1076 iumento
1270 1015 1334 1076 et
1378 1009 1645 1074 canibus
1690 1010 2116 1092 crucibusque
2159 1009 2403 1076 relictis

676 1120 765 1187 ad
810 1120 980 1187 fetus
1024 1127 1331 1206 properat
1373 1126 1756 1205 partemque
1800 1120 2140 1187 cadaveris
2184 1119 2429 1189 adfert:

676 1232 784 1297 hic
828 1239 927 1298 est
969 1251 1125 1316 ergo
1170 1231 1352 1297 cibus
1396 1232 1617 1316 magni
1661 1251 1920 1315 quoque
1963 1233 2237 1299 vulturis
2283 1240 2349 1299 et
2390 1250 2463 1297 se

553 1350 630 1408 80
678 1344 1021 1429 pascentis,
1069 1343 1330 1428 propria
1374 1362 1517 1408 cum
1562 1343 1694 1408 iam
1739 1342 1897 1409 facit
1940 1343 2173 1409 arbore
2219 1343 2425 1409 nidos.

678 1453 797 1520 sed
840 1455 1130 1538 leporem
1173 1461 1288 1520 aut
1329 1473 1632 1539 capream
1677 1453 1964 1519 famulae
2006 1455 2186 1520 Iovis
2229 1463 2296 1522 et
2339 1473 2695 1539 generosae

677 1568 746 1632 in
790 1568 963 1633 saltu
1007 1573 1327 1632 venantur
1371 1584 1545 1648 aves,
1594 1565 1746 1631 hinc
1789 1565 2035 1651 praeda
2079 1568 2275 1633 cubili

711 1733 794 1784 70.
865 1730 1103 1799 patriae]
1139 1729 1399 1798 patribus
1434 1729 1663 1799 Bentley
1690 1731 1889 1782 Horat.
1923 1729 1978 1784 G.
2007 1727 2124 1782 III
2141 1737 2192 1795 6,
2218 1735 2299 1785 20.

712 1819 793 1868 71.
864 1816 1087 1885 patriae
1122 1835 1166 1867 ω
1189 1816 1336 1869 Jahn
1359 1815 1648 1870 Daemon-2
1684 1816 1872 1884 patria
1907 1815 2281 1870 PBitcholofl.

712 1904 793 1954 82.
865 1901 1015 1966 hinc]
1052 1906 1189 1956 tunc
1224 1921 1266 1953 ω
1300 1900 1442 1958 haee
1477 1902 1804 1955 Lachmann.

715 2042 796 2091 70.
868 2039 1065 2095 Horat.
1090 2037 1150 2093 C.
1178 2038 1269 2094 111
1294 2039 1343 2106 6,
1369 2040 1435 2091 20
1472 2038 1665 2095 clades
1701 2039 1770 2094 In
1803 2040 2047 2108 patriam
2082 2042 2465 2111 populumque
2502 2038 2683 2096 fluxit.

712 2127 794 2177 75.
864 2124 1117 2194 Propert.
1145 2124 1235 2179 III
1262 2126 1326 2176 12
1353 2127 1451 2190 (19)
1479 2127 1510 2177 2
1547 2124 1727 2182 laetor
1764 2126 1918 2195 quod
1954 2126 2077 2182 sine
2115 2141 2200 2182 me
2238 2126 2407 2182 devia
2441 2142 2572 2182 rura
2607 2126 2767 2182 colis.

506 2209 668 2266 Ovid.
694 2210 825 2266 Met.
849 2210 879 2265 I
905 2212 1005 2263 675
1046 2225 1148 2280 per
1184 2210 1356 2266 devia
1389 2226 1535 2266 rura.

643 2351 725 2402 74.
797 2347 953 2404 Serv.
977 2346 1147 2417 Verg.
1175 2346 1240 2403 G.
1267 2347 1329 2402 ΙΙ
1352 2350 1453 2400 320
1491 2352 1770 2418 (serpente
1804 2378 1875 2387 —
1909 2349 2122 2412 nutrit).

642 2489 725 2541 71.
787 2486 1007 2556 patriae
1040 2514 1110 2525 —
1146 2485 1377 2539 idoneus.
1440 2487 1538 2540 Ps
1568 2485 1772 2556 patria.
1841 2484 2172 2556 Allerdings
2207 2486 2359 2544 steht
2393 2487 2634 2544 idoneus
2668 2489 2773 2544 mit

507 2573 633 2629 dem
664 2572 903 2629 Ablativ
935 2572 1030 2629 Ad
1055 2573 1295 2628 Herenn.
1321 2572 1413 2627 111
1438 2574 1486 2638 3,
1512 2574 1543 2623 5
1578 2588 1671 2628 res
1703 2571 1945 2628 humiles
1980 2574 2151 2637 [viros
2185 2571 2378 2639 fortes]
2413 2580 2772 2632 contemnere

505 2664 768 2727 oportere
815 2673 923 2715 nec
970 2658 1207 2714 idoneas
1243 2657 1526 2727 dignitate
1561 2674 1665 2714 sua
1702 2658 1957 2714 iudicare
1993 2657 2262 2723 (offenbar
2298 2659 2374 2714 ist
2406 2659 2528 2714 hier
2563 2660 2772 2729 dignus

504 2759 704 2814 wegen
756 2744 1040 2814 dignitate
1091 2744 1438 2810 vermieden3
1492 2744 1606 2813 vgl.
1661 2743 1915 2812 Georges
1968 2743 2209 2800 idoneus
2258 2743 2351 2814 ΙΙβ
2405 2745 2523 2800 und
2569 2745 2773 2802 Kaiser

505 2829 765 2885 Cornific.
801 2846 857 2899 p.
894 2832 1029 2895 270).
1100 2827 1445 2886 Ausserdem
1491 2828 1672 2885 kennt
1719 2828 1927 2882 Mulier
1971 2845 2079 2885 nm·
2126 2829 2222 2885 ein
2266 2829 2541 2899 Beispiel:
2580 2832 2770 2889 Faust.

504 2917 735 2973 Reiens.
760 2916 848 2971 De
872 2916 1005 2984 spir.
1032 2920 1231 2971 sancto
1254 2931 1308 2984 p.
1333 2917 1447 2982 126,
1469 2918 1500 2967 9
1524 2913 1925 2985 Engelbrecht:
1954 2915 2149 2970 idonei
2173 2915 2497 2972 eruditione
2521 2915 2772 2973 fidelium

501 3004 856 3071 populorum.
925 3001 1087 3057 Doch
1120 3001 1267 3057 nach
1304 3002 1429 3057 dem
1463 3000 1773 3071 folgenden
1807 3000 1969 3057 utilis
2004 3001 2173 3070 agris,
2211 3001 2373 3058 utilis
2408 3001 2576 3057 rebus
2601 3017 2771 3072 agen·

505 3088 596 3143 dis
630 3091 893 3143 erwartet
924 3103 1055 3142 man
1089 3086 1213 3144 hier
1247 3086 1391 3143 nach
1427 3088 1670 3143 idoneus
1705 3087 1816 3142 den
1840 3087 2033 3141 Dativ.
2082 3085 2159 3142 So
2196 3086 2343 3142 auch
2365 3087 2464 3143 der
2489 3086 2774 3145 Scholiast

504 3177 668 3238 (trotz
702 3173 803 3228 des
837 3173 1065 3229 Lemma
1096 3173 1329 3242 patria):
1368 3173 1529 3229 utilis
1563 3173 1801 3242 patriae.

643 3261 723 3311 73.
786 3258 1087 3328 plur-imm
1121 3258 1273 3313 enim.
1345 3259 1457 3315 Die
1489 3258 1712 3314 Elision
1749 3257 2136 3329 daktylischer
2168 3259 2392 3316 Wurter
2428 3258 2532 3316 auf
2558 3277 2614 3315 m
2648 3277 2771 3318 ver-

504 3344 718 3400 meidet
762 3344 891 3400 eine
925 3343 1145 3401 Anzahl
1191 3361 1305 3401 von
1340 3344 1616 3401 Dichtern
1660 3360 1833 3414 ganz,
1884 3345 2091 3401 andere
2126 3345 2315 3402 lassen
2348 3346 2433 3402 sie
2468 3362 2575 3402 nur
2611 3348 2687 3401 im
2727 3350 2770 3399 1.

504 3430 623 3485 und
658 3432 706 3482 5.
742 3430 920 3485 Fusae
965 3445 1050 3485 zu.
1121 3430 1368 3488 Juvenal
1411 3430 1511 3487 hat
1545 3432 1630 3487 sie
1663 3446 1772 3486 nm·
1804 3429 1928 3487 hier
1963 3431 2082 3486 und
2117 3433 2165 3499 6,
2195 3434 2288 3484 151
2342 3433 2676 3502 quantulum
2713 3433 2772 3488 in

503 3514 649 3571 hoc?
686 3531 895 3584 pueros
930 3532 1137 3583 omnes,
1175 3517 1463 3587 ergastula
1495 3522 1634 3572 tota.
1707 3516 1953 3572 LMtiller
1988 3517 2057 3571 R.
2094 3534 2164 3572 m.
2203 3519 2320 3570 290.

643 3603 723 3654 76.
793 3602 1020 3671 sumptis
1052 3632 1123 3641 —
1148 3603 1353 3672 pinnis.
1426 3602 1507 3657 Zu
1543 3606 1590 3668 3,
1618 3604 1701 3655 80.

643 3690 723 3739 77.
795 3687 1163 3757 orucz‘busque,
1217 3705 1291 3743 an
1338 3686 1590 3744 welchen
1639 3687 1734 3742 die
1782 3687 2031 3743 Leichen
2077 3687 2177 3744 der
2222 3687 2641 3757 Gekrenzigten
2689 3688 2773 3745 oft

502 3771 734 3843 langere
770 3773 897 3829 Zeit
928 3772 1153 3842 haugen
1187 3773 1432 3830 blieben.
1502 3772 1631 3842 Vgl.
1664 3790 1715 3831 z.
1740 3772 1800 3827 Β.
1837 3774 2061 3830 Petron.
2091 3776 2205 3826 111.
2242 3773 2348 3829 SG.
2376 3772 2436 3828 ΙΙ
2461 3776 2542 3841 50,
2571 3777 2619 3827 5.

641 3862 722 3912 80.
795 3859 923 3915 Wie
949 3857 1112 3915 Ovid.
1137 3858 1263 3915 Am.
1290 3860 1318 3914 I
1345 3862 1426 3926 12,
1453 3861 1519 3911 20
1555 3860 1696 3915 liisst
1718 3859 1964 3915 Juvenal
1989 3858 2158 3916 Geier
2195 3858 2299 3914 auf
2312 3860 2578 3927 Baumen,
2616 3867 2770 3928 statt,

502 3944 612 4000 wie
649 3960 711 4001 es
744 3944 1005 4001 wirklich
1041 3946 1140 4002 der
1174 3945 1301 4001 Fall
1339 3947 1429 4013 ist,
1468 3944 1572 4001 auf
1597 3946 1800 4002 Felsen
1834 3946 2040 4001 nisten.

640 4032 721 4083 81.
781 4033 1033 4102 smnulao
1069 4031 1236 4086 Iov-‘a
1308 4032 1442 4088 Hor.
1468 4031 1527 4088 O.
1556 4031 1640 4087 IV
1664 4035 1712 4098 4,
1743 4035 1766 4084 1
1807 4031 2125 4088 ministrum
2159 4032 2412 4089 fulminis
2447 4033 2655 4091 alitem.

57 4816 3249 5075 —
