3334 5075
1098 384 1270 443 Liber
1305 391 1557 456 quartus.
1629 383 1838 443 Satura
1872 385 1973 440 XI.
2545 391 2672 454 497

569 556 832 624 aemula
872 557 1131 626 Picenis
1178 564 1244 624 et
1287 557 1505 624 odoris
1549 557 1728 623 mala
1772 557 2053 624 recentis

441 677 518 732 75
567 688 690 736 nec
733 668 1086 736 metuenda
1128 669 1266 751 tibi,
1313 668 1628 736 siccatum
1672 668 1918 754 frigore
1960 675 2305 753 postquam

567 788 948 847 autumnum
992 787 1060 846 et
1103 779 1286 847 crudi
1328 799 1608 865 posuere
1651 781 1948 864 pericula
1990 781 2150 846 suci.

563 892 731 958 haec
772 892 929 959 olim
972 893 1179 959 nostri
1229 893 1363 958 iam
1408 890 1746 958 luxuriosa
1788 899 2055 958 senatus

566 1021 728 1069 cena
770 1002 914 1069 fuit.
1005 1002 1240 1070 Curius
1284 1023 1490 1087 parvo
1534 1022 1708 1085 quae
1750 1002 2007 1086 legerat
2050 1003 2238 1069 horto

487 1127 494 1134 ·
561 1116 709 1200 ipse
755 1114 922 1181 focis
960 1114 1269 1181 brevibus
1313 1115 1603 1199 ponebat
1644 1113 2005 1198 holuscula,
2053 1134 2222 1198 quae
2265 1135 2436 1182 nunc

439 1234 517 1291 80
566 1226 906 1310 squalidus
948 1227 1020 1293 in
1064 1245 1306 1309 magna
1349 1225 1605 1294 fastidit
1648 1225 1965 1310 compede
2007 1226 2235 1308 fossor,

566 1339 678 1421 qui
723 1338 1019 1404 meminit
1062 1336 1321 1404 calidae
1366 1338 1587 1422 sapiat
1629 1336 1789 1420 quid
1831 1337 2034 1405 vulva
2076 1339 2376 1423 popinae.

563 1449 721 1515 sicci
764 1456 956 1533 terga
1000 1449 1137 1516 suis
1179 1468 1334 1515 rara
1374 1448 1735 1533 pendentia
1778 1456 1961 1515 crate

562 1561 761 1626 moris
807 1566 950 1625 erat
994 1558 1319 1643 quondam
1364 1558 1551 1626 festis
1596 1578 1859 1626 servare
1905 1559 2153 1642 diebus,

563 1678 631 1737 et
672 1671 1051 1738 natalicium
1095 1671 1388 1756 cognatis
1433 1689 1679 1755 ponere
1722 1668 1979 1738 lardum

436 1789 515 1846 85
564 1781 920 1849 accedente
963 1801 1153 1864 nova,
1202 1782 1260 1847 si
1306 1802 1504 1864 quam
1547 1781 1752 1848 dabat
1793 1781 2027 1864 hostia⁷
2075 1801 2291 1848 carne.

564 1901 988 1980 cognatorum
1030 1895 1271 1975 aliquis
1314 1894 1505 1959 titulo
1549 1898 1650 1959 ter
1695 1894 1978 1960 consulis
2020 1902 2222 1978 atque

562 2013 920 2073 castrorum
962 2006 1256 2090 imperiis
1301 2011 1368 2070 et
1412 2003 1750 2071 dictatoris
1794 2004 2041 2071 honore

559 2116 823 2183 functus
866 2115 954 2183 ad
997 2116 1120 2181 has
1166 2116 1399 2202 epulas
1443 2115 1635 2183 solito
1682 2117 2001 2182 maturius
2044 2118 2184 2183 ibat

562 2235 849 2294 erectum
894 2226 1137 2294 domito
1180 2227 1480 2294 referens
1522 2249 1566 2294 a
1607 2234 1827 2294 monte
1870 2228 2178 2312 ligonem.

597 2408 679 2460 82.
753 2406 1004 2477 [Vergil]
1039 2408 1235 2464 Moror„
1264 2409 1330 2460 56
1381 2408 1569 2463 durati
1617 2406 1737 2463 sale
1780 2414 1946 2477 terga
1992 2407 2114 2464 auis
2149 2408 2451 2477 truncique
2498 2426 2668 2467 vaca·

387 2493 541 2549 bant.
616 2491 715 2548 Ov.
740 2493 871 2550 Met.
897 2492 1045 2549 VIII
1070 2494 1171 2546 638
1208 2491 1445 2549 sordida
1478 2498 1641 2563 terga
1676 2494 1800 2550 suis
1833 2494 2001 2564 nigro
2035 2494 2348 2564 pendentia
2380 2495 2561 2566 tigno.

525 2658 609 2709 80.
679 2656 954 2712 Priscian.
979 2655 1064 2711 VI
1093 2659 1174 2724 1o,
1201 2658 1267 2708 56
1306 2654 1470 2711 GLK.
1498 2656 1559 2711 II
1583 2658 1702 2724 241,
1733 2658 1812 2709 17.

525 2743 607 2794 81.
679 2742 953 2798 Priscian.
979 2741 1126 2797 VIII
1152 2742 1200 2809 7,
1228 2744 1293 2796 37
1332 2741 1496 2798 GLK.
1524 2742 1586 2796 II
1608 2744 1730 2809 404,
1757 2744 1802 2794 8.

385 2905 438 2960 V
469 2908 547 2972 10,
577 2906 640 2957 18
678 2906 836 2974 (pira)
863 2904 1120 2974 Signina,
1156 2903 1482 2971 Tarentina,
1520 2918 1667 2974 quae
1692 2903 1861 2974 Syria
1883 2905 2168 2960 dicuntur.
2226 2905 2386 2962 Mart.
2413 2906 2466 2961 V
2492 2909 2573 2973 78,
2605 2908 2666 2958 12

383 2996 700 3047 marcentes
732 3019 804 3031 -
838 3004 990 3046 uvae
1021 2990 1100 3045 Et
1132 3005 1337 3046 nomen
1373 2990 1504 3060 pira
1537 3004 1685 3060 quae
1720 2988 1913 3046 ferunt
1946 2989 2231 3059 Syrorum.

523 3078 606 3127 75.
648 3077 728 3129 76.
811 3075 999 3131 Wenn
1043 3076 1129 3131 sie
1176 3076 1288 3132 den
1333 3076 1567 3142 Herbst,
1626 3076 1730 3132 dae
1771 3074 2115 3131 Schadliche
2171 3075 2271 3130 der
2315 3074 2667 3132 Herbstreife

386 3160 677 3225 (Heinrich
712 3160 842 3217 ‘den
878 3160 1358 3226 Herbstmtand')
1397 3161 1665 3231 abgelegt
1699 3160 1898 3217 haben.
1969 3159 2293 3217 Autumnus
2318 3176 2383 3216 so
2412 3161 2526 3216 wol
2559 3176 2668 3216 nur

381 3246 519 3301 hier.
568 3245 895 3315 Lagerreife
918 3244 1129 3316 Aepfel
1167 3247 1361 3316 galten
1395 3245 1487 3302 flir
1521 3246 1808 3316 gesunder
1843 3246 1929 3302 als
1963 3244 2187 3302 frische.
2239 3244 2423 3302 Schol.
2460 3244 2664 3300 hieme.

380 3347 513 3388 nam
562 3333 718 3388 sicca
768 3348 940 3399 poma
979 3348 1098 3387 non
1150 3333 1396 3387 incitant
1453 3332 1710 3388 morbum
1761 3332 1996 3387 humore
2044 3331 2257 3386 nocivo
2310 3337 2665 3398 consumpto.

381 3416 690 3486 Angustia.
727 3417 820 3473 De
854 3433 991 3473 mor.
1015 3417 1256 3473 Hanich.
1294 3420 1326 3481 ὅ
1362 3418 1427 3469 43
1464 3416 1644 3473 multa
1665 3445 1736 3456 —
1760 3423 1958 3486 carpta
1982 3417 2053 3472 de
2078 3415 2376 3473 arboribus
2400 3445 2469 3454 —
2493 3415 2667 3471 inter-

381 3503 671 3572 positione
708 3503 904 3572 aliqua
937 3504 1211 3573 temporis
1255 3502 1493 3558 meliora
1535 3502 1875 3569 redduntur,
1919 3506 1987 3558 ut
2020 3531 2090 3542 —
2125 3517 2271 3557 uvae
2318 3500 2467 3556 mala
2499 3528 2572 3539 —
2606 3506 2667 3557 et

382 3588 662 3658 quaedam
702 3588 834 3657 pira
876 3618 947 3629 -
1000 3594 1060 3644 et
1106 3603 1344 3657 corpore
1388 3590 1696 3658 capiuntur
1740 3587 2025 3645 salubrius
2073 3594 2135 3643 et
2176 3588 2409 3658 sapiunt
2455 3588 2517 3642 in
2565 3602 2665 3643 ore

382 3675 692 3731 conditius.

520 3763 601 3813 78.
681 3759 862 3816 curio.
932 3760 1014 3817 Zu
1051 3762 1101 3828 2,
1137 3762 1185 3812 3.

517 3847 686 3901 horto.
766 3846 910 3903 Plin.
949 3847 1013 3903 N.
1052 3846 1105 3901 h.
1143 3845 1287 3901 XIX
1330 3848 1392 3898 51
1453 3845 1673 3901 Romae
1728 3844 1957 3914 quidem
2009 3859 2111 3914 per
2163 3860 2225 3900 se
2276 3845 2474 3902 hortus
2528 3858 2667 3913 ager

379 3933 651 4002 pauperis
676 3937 810 3988 erat.
868 3935 933 3985 52
971 3947 1042 3987 ex
1063 3932 1230 3989 horto
1253 3931 1445 4002 plebei
1476 3929 1790 3997 macellum,
1826 3936 2041 3999 quanto
2066 3931 2459 3986 innocentiore
2484 3930 2661 3985 victu.

519 4021 602 4072 81.
673 4019 850 4072 nawa.
929 4018 1064 4074 Hor.
1098 4018 1243 4088 Epp.
1278 4018 1307 4073 I
1348 4019 1429 4085 15,
1461 4020 1526 4069 41
1573 4014 1657 4072 nil
1710 4015 1887 4072 vulva
1928 4016 2223 4085 pulchrius
2267 4014 2467 4086 ampla.
2547 4014 2659 4069 Prl.

381 4105 498 4169 329,
540 4104 620 4155 12.

508 4189 763 4259 popinae.
837 4189 920 4246 Zu
957 4192 1005 4257 8,
1035 4192 1150 4242 172.

517 4276 599 4328 84.
672 4275 899 4343 lardum,
936 4273 1615 4344 Schwoinepokelfleisch.
1676 4273 1933 4328 Prl.·130.

518 4362 601 4413 89.
673 4360 886 4414 domito.
946 4359 1120 4430 Verg.
1144 4359 1214 4416 A.
1237 4360 1324 4416 IX
1341 4363 1444 4414 608
1477 4359 1603 4416 Aut
1625 4359 1823 4416 rastris
1843 4363 2053 4415 terram
2076 4358 2281 4414 domat.
2321 4356 2459 4414 Stat.
2478 4354 2655 4413 Theb.
