3334 5075
705 109 830 172 558
1523 105 1812 162 Iuvenalis
1847 111 2161 162 saturarum

874 278 1104 345 crescit
1146 299 1325 346 amor
1368 281 1629 364 nummi,
1679 287 1988 364 quantum
2031 280 2177 366 ipsa
2220 279 2499 365 pecunia
2542 279 2762 363 crevit,

707 398 824 454 140
872 400 939 459 et
981 392 1193 459 minus
1237 393 1407 462 hanc
1451 400 1630 480 optat
1676 395 1788 477 qui
1831 414 1960 460 non
2004 393 2218 461 habet.
2259 433 2272 438 -
2309 412 2463 478 ergo
2507 399 2771 478 paratur

868 504 1080 572 altera
1123 505 1284 572 villa
1325 507 1463 589 tibi,
1511 525 1654 573 cum
1701 527 1810 573 rus
1856 526 1984 573 non
2029 506 2270 573 sufficit
2313 526 2527 591 unum,
2693 495 2700 502 ’

869 624 934 685 61
976 618 1267 703 proferre
1310 619 1475 685 libet
1516 618 1679 687 fines
1724 621 2055 704 maiorque
2100 620 2356 688 videtur

866 738 932 797 et
976 731 1205 798 melior
1250 732 1466 799 vicina
1509 751 1720 818 seges,
1767 735 2074 800 mercaris
2119 741 2184 800 et
2227 733 2399 800 hanc
2442 739 2507 799 et

864 842 1133 912 arbusta
1177 853 1241 912 61
1284 843 1491 912 densa
1534 853 1814 912 montem
1861 848 1972 930 qui
2017 853 2208 913 canet
2250 847 2441 912 oliva.

699 963 816 1018 145
864 976 1135 1039 quorum
1181 957 1238 1022 si
1281 959 1489 1043 pretio
1534 958 1830 1026 dominus
1876 978 2008 1025 non
2052 959 2330 1027 vincitur
2372 958 2526 1042 ullo,

860 1078 1048 1138 nocte
1093 1071 1292 1138 boves
1336 1073 1538 1139 macri
1582 1075 1885 1157 lassoque
1930 1073 2236 1141 famelica
2280 1071 2443 1139 collo

860 1183 1149 1251 iumenta
1193 1183 1279 1251 ad
1324 1184 1567 1252 virides
1611 1185 1805 1252 huius
1852 1188 2184 1253 mittentur
2227 1186 2481 1267 aristas,

859 1315 981 1362 nec
1023 1297 1203 1381 prius
1248 1296 1401 1365 inde
1446 1297 1705 1365 domum
1753 1319 1947 1381 quam
1989 1305 2127 1365 tota
2169 1298 2435 1364 novalia
2477 1315 2710 1363 saevos

857 1409 928 1474 in
971 1416 1231 1477 ventres
1276 1408 1532 1494 abeant,
1582 1419 1652 1478 ut
1698 1412 1926 1479 credas
1971 1410 2250 1478 falcibus
2294 1418 2526 1478 actum.

696 1527 810 1584 150
859 1521 1078 1590 dicere
1121 1525 1233 1589 vix
1278 1526 1494 1609 possis
1541 1545 1736 1608 quam
1779 1524 1966 1591 multi
2010 1525 2171 1592 talia
2214 1525 2470 1609 plorent

856 1643 923 1702 et
966 1646 1122 1719 quot
1165 1638 1435 1703 venales
1478 1638 1719 1704 iniuria
1762 1638 1990 1704 fecerit
2032 1656 2241 1724 agros.

854 1746 972 1814 sed
1017 1750 1130 1833 qui
1174 1769 1522 1833 semones,
1573 1771 1767 1834 quam
1812 1749 2005 1817 foede
2048 1748 2286 1817 bucina
2329 1750 2562 1817 famae.

893 1906 1004 1958 139.
1075 1906 1258 1961 crevit
1295 1907 1350 1960 P
1390 1911 1452 1960 ut
1486 1905 1698 1960 vn‘clotur
1731 1906 1941 1963 crescit
1964 1925 2055 1976 pm
2089 1906 2305 1962 Floria.
2342 1905 2532 1971 (otiam
2567 1904 2946 1976 Sanyalleme).

891 1993 1002 2044 147.
1074 1991 1345 2049 mitentur
1385 1993 1437 2047 P
1464 1993 1768 2049 mittuntur
1803 2015 1863 2048 ω.

890 2079 1004 2129 152.
1074 2076 1242 2133 foede
1281 2077 1533 2132 PIaewis
1567 2078 1772 2137 foedae
1808 2079 1975 2134 ceteri
2006 2079 2246 2134 editores.

890 2218 1002 2268 139.
1073 2216 1269 2274 Horat.
1307 2216 1366 2274 C.
1402 2218 1491 2274 III
1529 2220 1607 2286 16,
1650 2220 1711 2271 17
1771 2226 2114 2275 crescentem
2158 2218 2414 2289 sequitur
2461 2233 2597 2275 cura
2642 2217 2942 2287 pecuniam

677 2302 1064 2373 Maiorumque
1097 2302 1287 2360 fames.
1370 2303 1424 2360 S.
1451 2304 1779 2362 columban.
1813 2304 1909 2361 Ad
1941 2305 2184 2361 Hunald.
2220 2306 2385 2375 epist.
2427 2306 2491 2358 54
2541 2304 2745 2361 crescit
2787 2320 2941 2360 amor

674 2389 885 2445 nummi
922 2396 1195 2461 quantum
1231 2391 1360 2461 ipsa
1392 2393 1642 2461 pecunia
1677 2393 1899 2449 crescit.

882 2478 997 2530 142.
1068 2476 1334 2549 Cyprian.
1363 2479 1494 2537 Iesu
1518 2480 1678 2538 Nave
1702 2481 1804 2532 499
1851 2480 2164 2550 producere
2213 2478 2354 2535 fines
2387 2477 2463 2533 Et
2496 2476 2745 2548 proferre
2780 2476 2935 2534 libet

884 2566 980 2617 142
995 2580 1038 2620 s.
1111 2564 1273 2622 Ovid.
1299 2565 1370 2622 A.
1397 2583 1446 2621 a.
1474 2567 1502 2621 Ι
1528 2569 1629 2621 348
1644 2584 1688 2623 6.
1726 2566 1968 2624 fertilior
2012 2581 2177 2637 seges
2225 2572 2313 2623 est
2356 2564 2562 2622 alienis
2610 2579 2828 2635 semper
2879 2566 2939 2621 in

672 2651 826 2721 agris
861 2649 1243 2723 Vicinumque
1278 2669 1455 2723 pecus
1490 2654 1766 2724 grandius
1802 2654 1940 2711 uber
1975 2653 2161 2710 habet.

811 2794 924 2846 139.
997 2792 1190 2849 Sermo
1227 2791 1282 2849 S.
1308 2793 1507 2850 Fausti
1544 2799 1603 2850 et
1639 2792 1867 2849 Ruricii
1901 2791 2283 2862 Engelbrecht
2316 2793 2433 2859 242,
2460 2793 2524 2844 25
2576 2792 2743 2857 (unde
2793 2791 2936 2848 bene

672 2879 822 2935 dixit
857 2879 1111 2949 quidam:
1151 2880 1358 2937 crescit
1391 2908 1460 2919 —-
1495 2880 1735 2945 crescit).
1809 2878 2010 2935 Isidor.
2038 2876 2228 2948 Origg.
2256 2878 2284 2932 I
2311 2879 2392 2945 36,
2422 2880 2500 2930 11.

809 3014 904 3064 145
921 3027 993 3066 ss.
1066 3010 1193 3067 Sen.
1239 3010 1384 3081 Epp.
1420 3013 1503 3078 90,
1538 3013 1604 3063 39
1656 3009 1797 3067 11661
1841 3025 2008 3079 agros
2053 3009 2206 3079 agris
2254 3008 2485 3075 adiciat,
2538 3008 2792 3064 vicinum
2842 3007 2935 3063 vel

666 3098 854 3166 pretio
890 3096 1108 3168 pellens
1157 3098 1332 3163 aeris,
1380 3097 1471 3153 vel
1517 3097 1731 3153 iniuria
1780 3100 1844 3162 (v.
1888 3098 2018 3161 151).
2103 3095 2223 3151 Das
2265 3093 2496 3152 letztere
2541 3094 2764 3150 scheint
2809 3093 2936 3150 sehr

664 3182 857 3253 haufig
890 3197 1150 3253 gewesen
1186 3200 1257 3239 zu
1290 3183 1416 3240 66111
1428 3199 1442 3250 ;
1478 3184 1590 3253 vgl.
1622 3186 1701 3251 16,
1729 3184 1947 3234 36—40.
2019 3182 2153 3238 Hor.
2180 3181 2239 3237 C.
2267 3182 2327 3237 II
2364 3183 2443 3249 18,
2471 3183 2534 3233 23
2585 3180 2738 3247 Quid
2779 3181 2934 3250 quod

665 3284 845 3338 usque
881 3271 1169 3339 proximos
1192 3270 1450 3328 Revellis
1485 3270 1609 3340 agri
1645 3269 1919 3326 terminos
1955 3273 2015 3325 et
2036 3267 2184 3325 ultra
2206 3268 2443 3325 Limites
2467 3267 2758 3324 clientium
2783 3265 2932 3323 Salis

665 3355 907 3411 avarus?
955 3357 1115 3412 Mart.
1143 3357 1202 3412 11
1228 3359 1311 3427 32,
1339 3360 1384 3409 3.
1411 3360 1443 3410 4
1479 3356 1671 3413 Vexat
1705 3371 1876 3426 saepe
1899 3369 2083 3411 meum
2107 3354 2384 3411 Patrobas
2407 3353 2648 3412 confinis
2671 3354 2929 3425 agellum.

663 3440 803 3496 Plin.
830 3442 895 3497 N.
922 3442 972 3498 h.
999 3444 1060 3499 11
1086 3446 1183 3495 175
1218 3444 1599 3501 conterminos
1623 3441 1888 3512 pellimus
1912 3440 2177 3512 furtoque
2199 3441 2378 3497 vicini
2405 3441 2713 3511 caespitem
2736 3447 2931 3497 nostro

662 3527 786 3583 solo
823 3527 1159 3587 adsedimus.
1233 3530 1461 3599 Apulei.
1487 3530 1617 3587 11161.
1645 3529 1733 3584 ΙΧ
1755 3531 1820 3581 35
1859 3536 1919 3586 at
1953 3529 2102 3586 enim
2139 3528 2368 3585 casulae
2403 3529 2676 3596 parvulae
2710 3535 2930 3585 conter-

659 3614 844 3672 minos
878 3632 1116 3687 magnos
1153 3622 1214 3673 et
1245 3617 1449 3675 beatos
1486 3632 1654 3688 agros
1691 3616 2025 3685 possidebat
2058 3616 2286 3672 vicinus
2321 3621 2526 3685 potens
2560 3618 2620 3670 et
2664 3614 2826 3671 dives
2861 3643 2929 3654 -

656 3700 855 3758 hostili
902 3704 1072 3759 modo
1121 3704 1300 3760 vicini
1348 3704 1539 3761 tenuis
1585 3702 1915 3758 incursabat
1961 3703 2290 3773 pauperiem
2332 3716 2517 3771 pecua
2572 3701 2929 3769 trucidando,

658 3787 835 3847 boves
871 3790 1172 3860 abigendo,
1219 3790 1411 3861 fruges
1447 3789 1633 3846 adhuc
1670 3790 1997 3846 immaturas
2031 3788 2357 3846 obterendo.
2396 3787 2621 3857 iamque
2656 3792 2781 3843 tota
2813 3786 2927 3843 fru-

657 3873 896 3942 galitate
931 3876 1238 3945 spoliatum
1276 3877 1419 3947 ipsis
1445 3877 1617 3933 etlam
1641 3875 1888 3946 glebulis
1915 3877 2289 3932 exterminare
2311 3873 2602 3944 gestiebat
2617 3872 2928 3944 finiumque

659 3961 817 4020 inani
855 3969 1136 4019 commota
1172 3965 1509 4034 quaestione
1545 3971 1750 4021 terram
1785 3968 1964 4019 totam
1998 3962 2110 4019 sibi
2146 3961 2492 4017 vindicabat.

795 4052 910 4102 150.
980 4048 1167 4107 Ueber
1203 4050 1298 4106 die
1333 4051 1439 4105 mit
1472 4050 1615 4106 talia
1650 4047 2039 4120 angeknflpfte
2074 4047 2415 4106 Parenthese
2451 4063 2521 4102 zu
2558 4048 2605 4113 2,
2629 4049 2714 4102 91.

798 4138 911 4190 152.
985 4137 1082 4206 qui
1112 4155 1377 4191 semones
1412 4137 1521 4194 wie
1563 4140 1641 4206 10,
1670 4139 1751 4190 88.
1789 4138 1856 4191 89
1889 4135 1949 4191 111
1988 4150 2271 4192 sermones
2304 4133 2467 4189 Tunc
2503 4133 2575 4190 de
2612 4133 2837 4191 Seiano.
