3334 5075
1070 394 1239 450 Liber
1273 396 1497 451 tertius.
1571 395 1777 454 Satura
1810 397 1972 453 VIII.
2537 409 2663 468 415

562 564 704 629 auri
751 570 947 647 atque
994 568 1263 650 argenti,
1313 574 1564 635 scutum
1609 568 2034 653 gladiumque
2082 573 2410 655 relinques

565 682 631 741 et
673 677 953 742 iaculum
1000 684 1067 743 et
1108 680 1399 761 galeam;
1448 681 1746 766 spoliatis
1792 702 1974 748 arma
2018 691 2384 769 supersunt.

401 793 512 847 125
564 786 740 868 quod
783 788 973 855 modo
1019 792 1344 875 proposui,
1394 811 1520 858 non
1567 799 1666 859 est
1711 794 2063 860 sententia:
2113 815 2338 862 verum
2385 805 2498 878 est,

562 898 809 966 credite
853 920 957 966 me
1002 903 1186 967 vobis
1231 901 1458 969 folium
1504 905 1784 972 recitare
1828 904 2144 991 Sibyllae.

561 1010 617 1074 si
661 1011 779 1075 tibi
826 1018 1054 1079 sancta
1098 1014 1325 1079 cohors
1372 1017 1694 1098 comitum,
1744 1018 1799 1083 si
1846 1035 2032 1084 nemo
2077 1019 2366 1085 tribunal

559 1121 785 1188 vendit
828 1143 1290 1208 acersecomes,
1339 1127 1397 1192 si
1441 1127 1692 1193 nullum
1736 1129 1805 1194 in
1851 1131 2127 1213 coniuge
2172 1131 2432 1212 crimen,

559 1252 680 1299 nec
721 1254 842 1319 per
885 1244 1241 1303 conventus
1289 1246 1353 1305 et
1397 1247 1629 1305 cuncta
1672 1260 1790 1325 per
1835 1240 2078 1325 oppida
2123 1243 2341 1308 curvis

398 1351 510 1405 130
562 1346 883 1428 unguibus
929 1349 1026 1415 ire
1070 1357 1261 1433 parat
1303 1370 1595 1417 nummos
1641 1358 1912 1437 raptura
1957 1345 2265 1437 Celaeno,

560 1463 629 1523 tu
672 1459 826 1525 licet
868 1479 910 1524 a
953 1462 1105 1527 Pico
1150 1482 1453 1529 numeres
1497 1482 1722 1547 genus,
1773 1464 2041 1548 altaque
2085 1466 2141 1531 si
2189 1473 2255 1532 te

390 1721 446 1774 B
603 1640 715 1690 123.
788 1639 1080 1710 relinquas
1131 1643 1183 1696 P
1232 1645 1279 1708 (e
1328 1642 1534 1712 scripta
1577 1660 1746 1713 supra
1797 1647 1846 1709 a)
1902 1643 2229 1714 relinquens
2274 1663 2317 1716 p
2373 1646 2661 1717 relinquas

447 1740 535 1775 cer
559 1740 620 1792 p.
653 1732 729 1777 74.

595 1811 707 1862 124.
782 1810 987 1866 delebat
1022 1813 1350 1868 Lachmann.

529 1975 640 2027 124.
713 1975 961 2045 spoliatis
996 1995 1148 2030 arma
1181 1982 1481 2047 supersunt.
1555 1979 1674 2034 Nur
1710 1979 1810 2033 der
1846 1979 2005 2046 Reiz,
2043 1980 2152 2035 deu
2190 1994 2251 2036 es
2287 1979 2376 2035 fiir
2410 1981 2658 2037 Juvenal

383 2059 557 2126 hatte,
595 2061 698 2116 das
735 2061 1217 2132 Vorausgeheude
1253 2062 1314 2116 in
1351 2064 1480 2119 eine
1516 2063 1760 2120 Sentenz
1797 2064 2400 2132 zusammenzufassen,
2448 2067 2661 2123 erklart

384 2146 543 2202 diese
580 2153 739 2203 sonst
775 2148 1226 2217 unbegreifliche
1261 2148 1620 2219 Tautologie.

526 2234 637 2285 125.
713 2235 871 2294 Quod
901 2235 1053 2287 modo
1079 2235 1358 2304 proposui.
1421 2234 1547 2291 Sen.
1573 2236 1735 2289 Brev.
1763 2236 1862 2290 vit.
1894 2238 1957 2288 10
1981 2240 2013 2300 5
2044 2240 2064 2289 1
2108 2238 2263 2307 quod
2297 2240 2586 2307 proposui.

520 2318 810 2373 sententia:
860 2320 937 2374 im
990 2319 1164 2376 Sinne
1213 2319 1312 2376 der
1359 2320 1845 2376 Rhetorenschule
1891 2322 1985 2376 ein
2029 2322 2136 2377 auf
2175 2323 2285 2378 den
2332 2324 2517 2379 Effect
2561 2325 2658 2381 be·

382 2403 674 2460 rechneter
712 2404 857 2461 Satz.
918 2404 1047 2475 Vgl.
1090 2406 1269 2461 Index
1305 2422 1375 2460 zu
1412 2404 1647 2470 Quintil.
1687 2423 1729 2462 s.
1770 2409 2070 2463 sententia.

525 2491 636 2544 126.
711 2489 863 2547 Serv.
891 2491 1059 2561 Verg.
1085 2490 1226 2547 Aen.
1256 2491 1345 2547 111
1372 2494 1472 2544 444
1498 2490 1534 2546 f.
1563 2493 1622 2547 in
1647 2491 1805 2549 foliis
1831 2500 2020 2549 autem
2043 2494 2357 2563 palmarum
2381 2494 2658 2567 Sibyllam

383 2577 630 2633 scribere
649 2577 832 2633 solere
857 2583 1101 2633 testatur
1120 2577 1315 2634 Varro.
1362 2578 1523 2634 ovid.
1543 2578 1612 2634 A.
1628 2595 1675 2634 a.
1700 2579 1756 2634 ΙΙ
1786 2582 1877 2631 541
1922 2580 2061 2637 haec
2087 2581 2193 2637 tibi
2217 2597 2331 2637 non
2356 2582 2655 2649 homiuem,

383 2664 486 2719 sed
521 2678 762 2733 quercus
800 2663 967 2720 crede
1003 2662 1271 2731 Pelasgas
1307 2664 1530 2719 Dicere.

523 2751 636 2801 127.
709 2749 892 2801 cohors
927 2748 1205 2802 comitum:
1244 2750 1347 2805 das
1384 2749 1649 2807 officielle
1687 2749 1927 2819 Gefolge
1981 2751 2083 2806 des
2133 2750 2511 2821 Statthalters‚
2561 2755 2655 2810 die

381 2835 583 2892 cohors
619 2836 919 2904 praetoria.
1002 2834 1138 2890 StV.
1167 2834 1225 2889 II
1251 2837 1346 2886 531
1378 2834 1411 2889 f.

523 2923 634 2975 128.
709 2937 1083 2974 acoreecomes:
1140 2921 1234 2975 eiu
1270 2935 1411 2989 puer
1448 2928 1683 2987 amatus,
1723 2923 1823 2977 der
1849 2922 1995 2977 noch
2030 2921 2197 2992 lange
2223 2923 2454 2979 Locken
2490 2928 2653 2994 triigt„

380 3006 461 3061 Zu
497 3008 544 3071 3,
575 3007 687 3058 186.
747 2999 1129 3075 Ἀκερσεκόμης
1164 3005 1417 3061 Beiwort
1451 3006 1552 3062 des
1587 3006 1815 3076 Apollo.
1882 3007 1945 3062 Il.
1973 3007 2024 3061 Y
2050 3010 2131 3059 39.

515 3093 565 3144 ai
598 3092 805 3145 nullum
841 3090 899 3144 in
934 3090 1151 3160 coniuqe
1188 3090 1400 3145 crimen.
1449 3091 1582 3147 Tac.
1609 3092 1679 3148 A.
1709 3092 1798 3148 III
1825 3094 1888 3144 33
1916 3093 2237 3162 cogitarent
2261 3094 2392 3162 ipsi,
2429 3095 2655 3163 quoties

379 3179 820 3249 repetundarum
857 3176 1034 3246 aliqui
1073 3183 1460 3246 arguerentur,
1499 3179 1664 3247 plura
1699 3178 1973 3235 uxoribus
2010 3179 2301 3235 obiectari.
2354 3180 2436 3236 Ib.
2463 3181 2548 3236 IV
2575 3183 2651 3233 19.

379 3268 445 3317 20
481 3279 821 3334 quamquam
857 3264 1112 3319 insontes
1157 3264 1524 3332 magistratus
1570 3294 1637 3303 —
1681 3264 2136 3333 provincialibus
2184 3281 2421 3320 uxorum
2466 3267 2653 3321 crimi-

376 3350 547 3408 nibus
582 3350 820 3420 perinde
857 3364 1025 3418 quam
1061 3350 1181 3405 suis
1218 3348 1615 3418 plecterentur.
1679 3350 1820 3405 Plin.
1857 3351 2001 3419 Epp.
2041 3350 2131 3405 ΠΙ
2158 3352 2204 3403 9.
2257 3349 2426 3418 Digg.
2456 3350 2485 3405 Ι
2517 3354 2593 3415 16,
2620 3354 2651 3402 4

376 3440 408 3501 g
445 3438 491 3489 2.
554 3435 660 3492 SG.
688 3437 716 3490 1
740 3438 857 3488 492.

518 3524 631 3574 129.
674 3524 786 3573 130.
860 3525 1050 3574 cuneta
1086 3520 1191 3577 auf
1216 3522 1385 3578 beide
1422 3521 1798 3579 Substantiva
1832 3522 2102 3592 bezogen,
2140 3538 2209 3577 zu
2250 3524 2329 3588 11,
2356 3523 2422 3574 39
2460 3521 2495 3577 f.
2536 3522 2653 3576 und

381 3611 460 3673 14,
487 3608 602 3660 275.
676 3605 853 3661 curvis
887 3606 1151 3675 unquilms
1187 3607 1332 3662 auch
1371 3610 1449 3675 13,
1482 3610 1578 3661 169
1597 3625 1638 3663 s.
1702 3607 1927 3673 Querol.
1955 3610 2036 3674 32,
2069 3610 2130 3659 14
2166 3608 2394 3677 Peiper:
2435 3608 2651 3678 digitos

375 3693 450 3748 ad
484 3693 752 3761 praedam
788 3697 1075 3748 exacuunt
1110 3693 1299 3749 curvis
1336 3694 1620 3750 timendos
1655 3694 1959 3763 unguibus.

518 3781 629 3832 130.
704 3778 784 3832 ire
813 3783 993 3848 parat.
1055 3777 1223 3847 Verg.
1251 3779 1393 3835 Aen.
1423 3779 1504 3833 IV
1534 3779 1631 3831 118
1669 3781 1729 3835 in
1765 3794 1962 3835 nemus
2001 3780 2083 3834 ire
2118 3784 2342 3847 parant.

515 3865 753 3930 Celaeno,
792 3865 919 3920 eine
957 3865 1227 3934 Harpyie,
1267 3866 1374 3921 wie
1409 3865 1578 3934 Verg.
1607 3863 1749 3921 Aen.
1779 3866 1868 3921 III
1895 3867 1990 3917 211
2015 3863 2050 3919 f.
2088 3880 2229 3933 quas
2255 3865 2380 3919 dira
2404 3863 2650 3921 Celaeno

375 3950 777 4021 Harpyiaeque
813 3949 1012 4005 colunt
1046 3949 1209 4006 aliae.

516 4038 627 4089 131.
704 4035 842 4090 Hier
878 4036 1118 4105 beginnt
1154 4035 1254 4092 der
1291 4037 1593 4093 Nachsatz:
1633 4037 1787 4092 daun
1822 4040 2008 4105 magst
2042 4035 2120 4089 du
2156 4051 2207 4089 u.
2236 4052 2277 4090 s.
2304 4051 2371 4089 w.

513 4121 659 4176 Pico.
732 4120 944 4176 Preller
980 4122 1104 4177 Im.
1133 4123 1191 4178 II
1218 4124 1334 4175 320.
1406 4123 1578 4180 Picus
1614 4124 1738 4193 galt
1769 4121 1860 4177 fiir
1913 4121 2025 4176 den
2073 4127 2261 4176 ersten
2307 4120 2502 4189 Konig
2551 4122 2650 4177 der

372 4207 682 4264 Laurenter
725 4208 843 4262 und
888 4207 1041 4264 Sohn
1089 4209 1190 4264 des
1226 4207 1434 4264 Saturn
1471 4209 1599 4279 (vgl.
1638 4209 1665 4263 Ι
1704 4211 1836 4273 377).
1912 4206 2074 4263 Ovid.
2123 4206 2253 4262 Met.
2292 4206 2433 4262 XIV
2476 4208 2576 4259 320
2608 4205 2646 4261 f.

372 4292 542 4349 Picus
579 4294 640 4348 in
676 4292 953 4351 Ausoniis
987 4294 1176 4365 proles
1212 4294 1493 4361 Saturnia,
1532 4295 1700 4350 terris
1737 4295 1863 4351 Rex
1899 4292 2024 4361 fuit,
2072 4292 2297 4349 utilium
2344 4293 2496 4349 bello
2533 4299 2651 4349 stu-

373 4379 570 4437 diosus
605 4395 878 4449 equorum
915 4387 1019 4437 etc.
1080 4380 1207 4450 Vgl.
1234 4380 1402 4450 Verg.
1429 4379 1573 4437 Aen.
1599 4381 1715 4437 VII
1741 4384 1823 4433 48.

2168 4484 2232 4536 4*
