3334 5075
1094 66 1265 123 Liber
1301 68 1549 136 quintus.
1620 67 1828 124 Satura
1863 68 2025 123 XIII.
2568 73 2693 135 543

425 246 548 302 230
597 238 654 304 si
700 257 976 322 coepere
1017 240 1172 322 pati,
1222 238 1489 305 missum
1534 237 1621 305 ad
1665 257 1788 304 sua
1831 259 2105 324 corpora
2146 243 2436 309 morbum

593 348 835 415 infesto
880 350 1151 417 credunt
1194 369 1237 415 a
1279 351 1557 431 numine,
1607 369 1772 415 saxa
1815 350 2082 418 deorum

594 460 759 526 haec
804 468 868 527 et
910 462 1045 528 tela
1088 467 1336 547 putant.
1427 461 1746 545 pecudem
1792 463 2116 546 spondere
2160 466 2404 531 sacello

593 573 921 639 balantem
968 581 1031 640 et
1073 573 1353 639 Laribus
1397 574 1657 639 cristam
1703 575 2079 657 promittere
2122 576 2284 660 galli

591 705 723 750 non
767 683 1039 764 audent3
1089 684 1246 766 quid
1293 685 1466 750 enim
1512 703 1776 769 sperare
1820 686 2204 753 nocentibus
2250 689 2465 771 aegris

424 803 545 859 235
593 796 1021 862 eoncessum?
1068 797 1177 861 vel
1223 816 1393 879 quae
1437 817 1567 862 non
1613 794 1872 880 dignior
1914 797 2131 863 hostia
2173 799 2366 864 vita?

592 907 852 975 mobilis
897 914 964 973 et
1007 909 1194 973 varia
1240 915 1341 974 est
1382 907 1588 974 ferme
1629 915 1869 975 natura
1911 909 2259 989 malorum;
2357 901 2361 906 ⁴

593 1039 737 1086 cum
783 1020 1000 1086 scelus
1044 1018 1411 1102 admittunt,
1460 1027 1762 1103 superest
1806 1022 2201 1087 constantia:
2250 1022 2424 1104 quod
2469 1022 2570 1089 fas

592 1139 790 1214 atque
832 1131 1036 1213 nefas,
1086 1129 1353 1196 tandem
1398 1131 1717 1215 incipiunt
1761 1132 2004 1197 sentire
2049 1135 2331 1217 peractis

591 1243 985 1310 criminibus.
1077 1250 1296 1308 tamen
1341 1240 1426 1307 ad
1472 1261 1685 1308 mores
1729 1251 1966 1309 natura
2008 1246 2281 1310 recurrit

422 1364 545 1419 240
592 1354 934 1421 damnatos
976 1354 1110 1420 fixa
1151 1361 1217 1419 et
1260 1355 1496 1420 mutari
1540 1355 1779 1420 nescia.
1870 1376 2023 1421 nam
2068 1358 2215 1439 quis

589 1466 906 1552 peccandi
949 1466 1142 1531 finem
1185 1467 1406 1549 posuit
1447 1464 1627 1530 sibi?
1677 1465 1936 1548 quando
1983 1468 2228 1550 recepit

593 1580 872 1645 eiectum
917 1577 1122 1643 semel
1167 1578 1390 1642 attrita
1435 1576 1516 1641 de
1561 1575 1775 1642 fronte
1821 1577 2170 1643 ruborem?

589 1691 890 1773 quisnam
936 1689 1266 1754 hominum
1313 1695 1414 1754 est
1458 1708 1650 1770 quem
1694 1696 1766 1754 tu
1810 1696 2182 1755 contentum
2228 1689 2474 1757 videris
2518 1711 2646 1757 uno

588 1800 885 1885 flagitio?
935 1800 1119 1866 dabit
1160 1802 1229 1865 in
1272 1801 1578 1883 laqueum
1622 1801 1906 1884 vestigia
1949 1808 2171 1867 noster

419 1922 541 1977 245
591 1913 879 1997 perfidus
925 1919 989 1978 et
1030 1912 1200 1995 nigri
1245 1914 1532 1994 patietur
1578 1912 1860 1977 carceris
1906 1932 2141 1977 uncum

588 2031 702 2091 aut
745 2024 945 2090 maris
988 2023 1238 2108 Aegaei
1283 2043 1509 2108 rupem
1555 2026 1985 2108 scopulosque
2031 2025 2402 2107 frequentes

589 2136 890 2203 exulibus
933 2137 1207 2220 magnis.
1296 2155 1510 2219 poena
1552 2136 1872 2219 gaudebis
1916 2157 2141 2203 amara

623 2319 741 2369 236.
814 2315 1097 2369 damnabat
1130 2316 1292 2369 Jalm.

623 2405 740 2455 237.
813 2401 981 2470 quod]
1019 2417 1146 2456 cum
1195 2400 1459 2456 Weidner.

627 2544 726 2593 239
742 2557 784 2596 0.
856 2540 1049 2595 Horat.
1074 2541 1219 2608 Epp.
1245 2540 1272 2592 I
1304 2542 1382 2606 10,
1410 2540 1475 2590 24
1512 2543 1772 2594 naturam
1798 2539 2048 2608 expellas
2083 2538 2257 2608 furca,
2293 2545 2481 2595 tamen
2504 2557 2687 2611 usque

413 2633 678 2684 recurret.

416 2769 462 2833 2,
492 2768 628 2828 170).
678 2763 790 2818 Die
824 2762 1171 2832 Metonymie
1208 2761 1286 2818 ist
1319 2762 1441 2817 hier
1475 2761 1606 2817 eine
1639 2761 1931 2831 doppelte:
1971 2762 2074 2817 (las
2106 2762 2308 2819 Fieber
2344 2764 2445 2820 (100
2470 2763 2683 2820 Schlaf-

412 2851 575 2908 losen
608 2848 728 2905 und
763 2848 866 2904 das
902 2846 1376 2918 Schlaflosigkeit
1409 2847 1875 2903 verursacheude.

552 2938 668 2988 233.
741 2935 823 2990 Ζ11
863 2936 941 3001 12,
967 2935 1050 2986 96.

549 3023 666 3074 237.
737 3026 979 3090 superest
1012 3020 1123 3075 wie
1164 3022 1276 3072 109.

551 3110 668 3160 242.
740 3106 930 3160 attrita
964 3106 1027 3159 de
1059 3110 1256 3176 fiante
1301 3106 1411 3161 wie
1446 3105 1670 3161 Petron.
1702 3108 1799 3157 132
1835 3104 2141 3174 perfricata
2174 3135 2243 3145 —
2276 3104 2479 3162 fronte.
2551 3105 2680 3176 Vgl.

412 3194 552 3251 iiber
585 3191 741 3246 frons
779 3192 862 3247 als
899 3191 1019 3248 Sitz
1055 3192 1155 3248 des
1190 3190 1614 3261 Schamgefflhls
1651 3208 1722 3246 zu
1747 3194 1794 3257 8,
1825 3193 1937 3257 189,
1976 3192 2115 3248 111101·
2146 3192 2520 3262 Beseitigung
2556 3192 2681 3248 des-

413 3279 609 3335 selben
645 3277 821 3332 durch
856 3278 1081 3333 Reibeu
1117 3294 1187 3332 zu
1208 3279 1367 3332 Mart.
1394 3278 1479 3331 XI
1504 3280 1585 3344 27,
1614 3279 1643 3327 7
1682 3276 1801 3330 und
1825 3275 1958 3331 Otto
1984 3276 2105 3345 Spr.
2134 3275 2308 3334 facies
2338 3280 2400 3343 1).
2449 3278 2678 3333 Hieron.

410 3367 554 3434 Epp.
586 3366 647 3415 18
674 3387 737 3408 =
764 3365 829 3414 22
869 3362 967 3426 (IV
993 3365 1023 3414 2
1060 3380 1113 3432 p.
1141 3366 1227 3427 41)
1276 3378 1421 3433 quae
1469 3364 1675 3418 rubore
1720 3362 1924 3418 frontis
1961 3363 2200 3420 abstrito
2236 3364 2521 3434 parasitos
2554 3365 2680 3419 vin-
2754 3376 2761 3385 ·

413 3457 552 3507 cunt
586 3450 896 3504 mimorum.

549 3538 667 3588 245.
740 3532 968 3587 carceris
1002 3551 1208 3588 uncum.
1282 3535 1363 3589 Zu
1402 3537 1480 3601 10,
1507 3536 1574 3587 66
1609 3534 1729 3589 und
1769 3535 1814 3600 1,
1843 3537 1922 3587 73.

550 3621 838 3674 246—247.
907 3621 1250 3690 scopulosque
1289 3624 1608 3692 frequentes
1659 3619 1930 3673 Exulibus
1976 3620 2205 3690 maqm's,
2261 3621 2355 3676 die
2402 3620 2507 3675 mit
2551 3636 2679 3675 vor-

411 3708 648 3765 uehmen
683 3704 1051 3762 Verbannten
1085 3705 1454 3761 bevolkerten
1489 3705 1945 3774 Felsenklippen.
2019 3706 2099 3760 Zu
2139 3709 2183 3772 1,
2212 3708 2290 3758 73.

550 3793 839 3845 247-249.
913 3791 1023 3846 1)ίο
1072 3792 1132 3845 111
1178 3791 1455 3848 Aussicht
1499 3791 1761 3861 gestellte
1806 3791 2026 3847 Frende
2076 3808 2149 3846 an
2195 3792 2295 3847 der
2338 3790 2680 3861 Bostrafung

412 3881 512 3935 des
545 3877 924 3935 Verbrechers
972 3881 1174 3946 (poena
1217 3876 1470 3946 gaudebis
1503 3907 1571 3916 —
1615 3876 1865 3933 fatebere
1915 3877 2097 3941 laetus)
2148 3877 2300 3933 steht
2346 3878 2421 3932 im
2456 3876 2678 3933 Wider-

411 3964 617 4035 spruoh
663 3981 733 4019 zu
781 3963 907 4018 dem
944 3962 1098 4030 Satz,
1149 3963 1281 4018 dass
1325 3978 1431 4017 11111·
1476 3962 1672 4019 kleine
1720 3964 1837 4018 und
1883 3962 2175 4018 schwaohe
2212 3963 2435 4019 Geister
2469 3979 2542 4018 an
2577 3963 2678 4019 der

411 4051 606 4106 Bache
640 4049 863 4105 Frende
899 4049 1097 4117 haben,
1133 4048 1443 4105 besonders
1478 4049 1703 4107 Frauen
1741 4050 2025 4101 181—192.
2090 4047 2220 4119 Vgl.
2257 4050 2402 4105 Einl.
2442 4048 2497 4106 S.
2525 4051 2607 4102 51.

2167 4152 2264 4205 12*
