3334 5075
614 368 740 430 394
1419 364 1709 420 Iuvenalis
1744 370 2058 421 saturarum

785 538 1104 621 paenituit
1148 538 1381 603 multos
1425 557 1636 603 vanae
1683 538 2053 620 sterilisque
2097 536 2466 618 cathedrae,

785 649 952 715 sicut
994 648 1367 734 Lysimachi
1412 651 1646 732 probat
1690 650 1905 715 exitus
1950 656 2149 731 atque
2192 648 2477 715 Secundi

615 768 736 823 205
785 760 1174 839 carrinatis3
1222 768 1290 826 et
1331 760 1504 826 hunc
1545 762 1805 845 inopem
1850 759 2127 842 vidistis,
2175 760 2496 843 Athenae,

782 874 876 937 nil
921 879 1182 956 praeter
1226 871 1481 956 gelidas
1526 891 1731 939 ausae
1776 871 2070 938 conferre
2115 873 2377 938 cicutas.

783 984 869 1065 di,
917 986 1230 1049 maiorum
1277 983 1519 1049 umbris
1564 990 1826 1052 tenuem
1872 992 1939 1050 et
1980 984 2123 1049 sine
2170 981 2457 1068 pondere
2500 988 2740 1049 terram

783 1096 1222 1179 spirantisque
1265 1114 1487 1162 crocos
1531 1102 1598 1161 et
1639 1097 1708 1162 in
1752 1116 1916 1161 urna
1959 1104 2343 1181 perpetuum
2389 1114 2520 1177 ver,

783 1210 893 1288 qui
939 1214 1427 1292 praeceptorem
1472 1209 1681 1274 sancti
1727 1209 1993 1274 voluere
2038 1207 2329 1291 parentis

817 1364 932 1414 204.
1006 1362 1170 1417 Sicut
1204 1362 1484 1419 lisimachi
1521 1380 1662 1416 nunc
1700 1364 1755 1416 P
1785 1368 1883 1417 cut
1917 1362 1960 1417 li
1998 1361 2057 1414 in
2094 1361 2264 1415 litura
2292 1380 2350 1431 p.
2426 1362 2481 1414 P
2509 1359 2641 1414 satis
2677 1364 2881 1414 certum

610 1453 686 1501 eat
721 1447 964 1502 habuisse
998 1448 1029 1482 *
1066 1448 1097 1481 *
1132 1449 1223 1518 ysi
1262 1452 1381 1509 (non
1405 1450 1511 1502 talo
1543 1447 1848 1512 tisimachi)
1884 1445 2070 1501 habuit
2091 1450 2339 1517 sortasse
2372 1446 2539 1516 tlysi-
2563 1443 2621 1498 δη
2652 1465 2696 1496 ω
2732 1448 2879 1498 tran-

608 1533 870 1604 scriptum
905 1538 982 1587 est
1026 1534 1306 1590 lisimaehi
1351 1539 1447 1588 aut
1479 1533 1858 1601 thresimachi‚
1899 1533 2023 1587 hinc
2055 1532 2460 1604 Thrasymachi
2498 1532 2653 1602 vulqo
2691 1530 2877 1595 (Phar-

608 1619 866 1690 symachi
906 1619 1124 1674 Ritschl
1162 1622 1300 1690 Opp.
1328 1621 1406 1673 II
1427 1638 1488 1689 p.
1516 1624 1648 1685 541).

815 1708 930 1758 205.
998 1710 1125 1775 poet
1159 1707 1299 1759 hunc
1335 1704 1546 1775 aliquid
1577 1705 1832 1759 excidisse
1860 1706 2090 1773 putabat
2128 1703 2410 1761 Heinrich.

814 1828 930 1878 203.
1001 1826 1159 1880 Mart.
1196 1826 1224 1881 Ι
1260 1828 1341 1891 76,
1379 1828 1440 1877 14
1489 1826 1717 1881 steriles
1765 1824 2078 1881 cathedras.
2163 1823 2378 1879 Auson.
2412 1821 2653 1880 Profess.
2690 1825 2770 1889 10,
2809 1824 2873 1874 28

608 1912 858 1967 sterilem
892 1942 960 1951 —
997 1911 1335 1967 cathedram.

813 2000 928 2050 206.
1003 1995 1163 2053 ovid.
1191 1995 1315 2051 Am.
1341 1997 1433 2052 111
1458 1999 1504 2061 7,
1536 2000 1595 2047 13
1635 2001 1790 2051 18018
1824 2003 2012 2052 tamen
2048 1994 2227 2051 veluti
2263 1994 2457 2065 gelida
2482 2009 2608 2050 mea
2631 1994 2875 2050 membra

607 2084 812 2139 cicuta.

812 2171 928 2220 208.
998 2167 1214 2224 Auson.
1241 2168 1508 2237 Epitaph.
1535 2170 1617 2231 36,
1644 2170 1675 2219 3
1713 2172 2050 2236 perpetuum
2083 2166 2222 2222 mihi
2257 2182 2358 2221 ver
2394 2166 2517 2235 agit
2552 2165 2871 2221 inlacrima-

604 2256 740 2311 bilis
774 2269 930 2309 urna.
1001 2254 1269 2309 Prudent.
1296 2252 1454 2309 Cath.
1481 2256 1529 2322 3,
1560 2255 1655 2304 103
1695 2268 1794 2308 ver
1832 2253 1931 2308 ubi
1968 2261 2304 2323 perpetuum
2338 2251 2570 2308 redolet.

812 2342 927 2392 209.
999 2339 1218 2394 Ennod.
1246 2338 1451 2409 Opusc.
1476 2340 1509 2390 6
1557 2343 1616 2393 01
1661 2354 1778 2394 11011
1820 2339 2063 2393 reticeat
2105 2336 2414 2393 saecularis
2459 2337 2715 2393 adsertor
2756 2337 2871 2407 ‘qui

603 2431 1029 2496 praeceptorem
1065 2425 1248 2480 sancti
1287 2425 1518 2479 voluere
1559 2425 1812 2494 parentis
1848 2439 1972 2480 esse
2005 2419 2152 2479 loco'
2194 2424 2386 2491 {Epist
2414 2425 2464 2491 9,
2490 2426 2520 2474 3
2559 2425 2619 2478 111
2655 2422 2691 2478 f.
2728 2424 2873 2493 peti-

605 2513 752 2568 tioni
788 2526 946 2568 meae
982 2517 1234 2581 paterna,
1272 2510 1426 2566 sicut
1466 2517 1863 2580 praeceptores
1901 2511 2132 2566 vocavit
2169 2509 2498 2579 antiquitas,
2534 2509 2753 2579 pietate
2788 2525 2873 2566 re-

603 2598 897 2666 spondete.
971 2597 1174 2667 Opusc.
1201 2599 1250 2663 6,
1280 2600 1340 2648 13
1388 2612 1493 2653 nos
1540 2602 1805 2667 parentes
1850 2597 2000 2652 dixit
2034 2603 2194 2652 aetas
2238 2595 2339 2650 illa
2374 2596 2554 2652 maior
2589 2597 2873 2665 optimos).

740 2720 856 2770 204.
930 2715 1251 2787 Lysimachi.
1324 2715 1407 2772 Ob
1445 2717 1545 2773 der
1579 2718 1755 2773 Name
1790 2717 2003 2785 richtig
2038 2715 2367 2774 fiberliefert
2401 2716 2501 2782 ist,
2551 2716 2734 2772 bleiht
2768 2733 2869 2772 un·

601 2804 825 2871 gewiss.
896 2801 1213 2858 Jedenfalls
1260 2803 1414 2857 kann
1463 2819 1523 2858 00
1568 2820 1676 2858 11111·
1724 2803 1824 2859 der
1860 2804 2035 2859 Name
2071 2802 2230 2858 eines
2264 2801 2591 2858 bekannten
2626 2801 2873 2858 Rhetors

602 2889 702 2944 der
740 2889 946 2959 junget
984 2903 1382 2957 vergangenen
1419 2890 1545 2944 Zeit
1579 2891 1717 2945 sein.
1791 2889 1973 2945 801101.
2010 2889 2255 2944 rhetoris
2291 2887 2447 2956 apud
2481 2885 2738 2944 Athenas
2772 2889 2872 2956 qui

603 2975 913 3043 suspendio
953 2975 1120 3044 perit.

742 3061 1012 3114 Secundus
1055 3059 1312 3115 Cam-inas
1346 3076 1460 3114 von
1497 3059 1760 3129 Caligula
1795 3061 2095 3126 νει-11811111,
2148 3057 2225 3111 ὅτι
2260 3058 2413 3130 λόγον
2448 3059 2560 3113 τινὰ
2594 3059 2647 3112 ἐν
2682 3078 2872 3130 γυμνα-

600 3143 690 3215 σίῳ
738 3146 872 3199 κατὰ
914 3145 1168 3218 τυράννων
1214 3145 1328 3199 εἶπε
1389 3146 1504 3200 Dio
1539 3146 1674 3200 LIX
1711 3148 1792 3212 20,
1826 3149 1872 3198 6.
1958 3147 2034 3201 Er
2095 3159 2210 3200 war
2258 3144 2724 3200 wahrsoheinlich
2771 3146 2873 3200 der

598 3233 776 3288 Vater
824 3231 923 3287 des
969 3247 1087 3286 von
1120 3231 1270 3285 Nero
1320 3231 1395 3284 im
1428 3229 1468 3286 J
1470 3231 1602 3285 ahre
1638 3233 1703 3282 64
1755 3248 1879 3287 zum
1915 3232 2156 3286 Rauben
2201 3247 2318 3286 von
2352 3229 2766 3287 Kunstwerken
2811 3231 2870 3285 in

600 3318 694 3372 die
728 3318 1044 3372 Provinzen
1079 3315 1223 3372 Asia
1257 3316 1376 3371 und
1409 3314 1631 3370 Achaia
1666 3318 1984 3385 gesandton
2018 3317 2071 3374 S.
2098 3317 2157 3371 C.
2207 3315 2442 3381 (Graeca
2477 3316 2739 3372 doctrina
2773 3330 2871 3371 ore

597 3411 764 3458 tenus
801 3404 1125 3465 exercitum:
1163 3402 1492 3472 Nipperdey
1526 3418 1595 3457 zu
1617 3400 1754 3457 Tac.
1779 3402 1962 3457 A.XV
1986 3405 2066 3454 45.
2106 3401 2290 3458 801101.
2317 3402 2612 3457 Secundus
2636 3401 2871 3457 Carinas

597 3503 819 3544 veneno
856 3488 1008 3557 perit
1043 3503 1169 3541 cum
1203 3486 1428 3556 fugeret
1459 3492 1869 3557 paupertatem.

737 3576 852 3626 207.
926 3577 1132 3626 tenuem
1179 3575 1229 3624 et
1278 3572 1392 3626 sino
1418 3575 1655 3642 pondere
1692 3578 1904 3627 terram.
1977 3574 2122 3629 Eine
2155 3573 2603 3642 Umschroibung'
2638 3574 2738 3628 des
2773 3572 2879 3628 auf

599 3657 1024 3715 Grabschriften
1065 3657 1494 3726 gewohnlichen
1528 3658 1827 3716 Nachrufs:
1879 3659 1970 3715 Sit
2013 3660 2098 3715 0ἱο
2132 3667 2284 3715 terra
2318 3659 2476 3715 levis
2549 3659 2799 3727 Propert.
2842 3659 2867 3711 Ι

605 3747 681 3810 17,
709 3746 774 3795 24
821 3743 898 3799 Ut
930 3742 1067 3799 mihi
1105 3760 1220 3800 non
1253 3745 1371 3800 ullo
1408 3745 1658 3814 pondere
1696 3751 1848 3800 terra
1880 3744 2041 3801 foret
2117 3744 2243 3798 Sino
2270 3745 2510 3816 pondere
2546 3751 2689 3800 statt
2710 3745 2869 3799 eines

598 3831 839 3886 zweiten
861 3828 1176 3901 Adjectivs,
1213 3831 1322 3887 wie
1348 3830 1446 3886 Ov.
1473 3831 1602 3886 Met.
1630 3832 1658 3885 1
1687 3833 1751 3883 26
1788 3831 1960 3900 ignea
1995 3831 2237 3886 convexi
2270 3831 2360 3886 vis
2385 3836 2446 3886 01
2469 3832 2593 3888 01110
2616 3830 2868 3900 pondere

598 3916 759 3972 caeli.
809 3916 894 3971 Id.
924 3916 996 3971 ib.
1024 3916 1170 3970 XIII
1198 3919 1297 3969 290
1332 3915 1458 3972 Am.
1485 3919 1512 3972 I
1542 3920 1588 3984 7,
1616 3920 1677 3969 51
1707 3923 1814 3972 010.
1864 3917 1992 3987 Vgl.
2031 3918 2170 3973 tiber
2204 3916 2396 3973 0010110
2420 3915 2868 3985 Verbindungen

597 4019 711 4057 von
734 4001 1516 4071 Prapositionalausdrucken
1540 4004 1644 4057 mit
1665 4001 2014 4073 Adjectiven
2041 4002 2171 4068 (Cic.
2193 4003 2313 4060 DN.
2335 4004 2392 4057 II
2416 4004 2574 4068 34,87
2601 4002 2867 4058 solarium

597 4088 688 4144 vel
725 4089 1071 4156 descriptum
1104 4089 1198 4143 vel
1234 4103 1305 4144 ex
1343 4091 1505 4157 aqua)
1543 4089 1916 4158 Nagelsbach,
1955 4088 2208 4144 Stilistik
2242 4093 2272 4153 5
2300 4092 2380 4154 75,
2407 4091 2452 4140 2.

733 4177 849 4227 208.
921 4172 1183 4243 spirantis
1218 4172 1506 4239 dustende,
1545 4174 1691 4230 ohne
1726 4173 1864 4230 Acc.
1901 4176 2013 4231 wol
2049 4191 2155 4231 nur
2188 4175 2326 4230 hier.

732 4261 849 4313 209.
923 4259 1158 4325 Quintil.
1197 4260 1257 4315 II
1293 4263 1341 4327 9,
1382 4263 1403 4311 1
1461 4259 1713 4316 erinnert
1765 4262 1860 4316 die
1918 4260 2179 4327 Schffler,
2238 4267 2304 4317 ut
2353 4267 2752 4331 praeceptores
2799 4288 2867 4297 —

595 4352 858 4415 parentes
895 4360 1035 4412 0000,
1073 4362 1188 4402 11011
1225 4346 1454 4415 quidem
1490 4362 1806 4416 corporum,
1844 4347 1943 4402 sed
1981 4348 2251 4402 mentium
2288 4347 2537 4403 credant.
