3334 5075
1078 384 1247 441 Liber
1283 385 1499 441 tertius.
1574 384 1782 441 Satura
1816 384 1946 441 V11.
2537 389 2664 453 389

573 576 832 640 quaque
878 556 984 622 die
1028 558 1331 622 miserum
1378 555 1558 623 dirus
1601 563 1800 641 caput
1841 557 2171 623 Hannibal
2214 558 2440 643 inplet,

577 666 896 753 quidquid
939 667 1009 733 id
1054 675 1156 734 est
1199 668 1283 734 de
1328 687 1455 751 quo
1501 668 1841 751 deliberat,
1891 689 1977 734 an
2018 676 2200 753 petat
2244 672 2466 736 urbem

571 801 614 847 a
655 780 920 863 Cannis,
967 799 1053 844 an
1096 787 1243 864 post
1285 779 1541 846 nimbos
1586 785 1652 845 et
1696 780 1976 846 fulmina
2021 788 2249 847 cautus

571 893 966 975 circumagat
1007 889 1309 957 madidas
1352 910 1394 955 a
1434 897 1828 975 tempestate
1871 892 2186 988 cohortes.

405 1012 522 1067 165
572 1009 881 1086 quantum
925 1004 1028 1069 vis
1071 1001 1390 1088 stipulare
1435 1010 1500 1069 et
1540 1003 1839 1087 protinus
1883 1005 2127 1088 accipe,
2176 1003 2336 1087 quid
2381 1003 2465 1069 do

572 1122 642 1181 ut
682 1115 921 1181 totiens
963 1113 1146 1179 illum
1190 1121 1379 1198 pater
1422 1109 1736 1181 audiat‘P'
1776 1115 1942 1181 haec
1987 1116 2097 1181 alii
2144 1135 2263 1181 sex

570 1228 675 1292 vel
717 1224 940 1309 plures
984 1244 1113 1290 uno
1157 1226 1564 1290 conclamant
1607 1244 1720 1291 ore
1765 1226 2095 1312 sophistae

608 1382 720 1434 165.
792 1379 934 1449 qnid
969 1379 1042 1434 do
1082 1380 1137 1432 P
1157 1379 1471 1434 Priscianus
1520 1380 1676 1449 quod
1713 1381 1787 1435 do
1815 1399 1859 1450 p
1910 1382 2049 1450 quin
2086 1381 2160 1436 do
2198 1382 2497 1435 Mommsen
2542 1383 2667 1452 qui·

399 1465 569 1522 dum?
606 1465 916 1520 Lachmann
950 1465 1048 1534 qui
1088 1464 1201 1519 do?
1243 1464 1481 1518 Ribbeck
1519 1466 1789 1534 quiddam
1826 1467 2021 1537 Mer-ry
2053 1468 2215 1523 Clusa.
2246 1467 2379 1521 Rev.
2404 1466 2513 1520 IX
2532 1476 2666 1523 1895
2772 1514 2779 1521 .

387 1571 449 1621 p.
477 1555 604 1622 29s.

607 1691 720 1742 161.
789 1689 985 1744 Horat.
1023 1687 1082 1742 C.
1122 1688 1211 1743 III
1246 1691 1293 1755 6,
1331 1691 1397 1740 36
1455 1688 1942 1758 Hannibalemque
1999 1691 2195 1745 dirum.
2280 1689 2361 1744 lb.
2398 1690 2481 1746 IV
2515 1694 2563 1757 4,
2599 1694 2665 1743 42

398 1775 556 1830 dirus
590 1804 660 1813 —
694 1773 847 1829 Afer.
919 1774 1003 1830 Ib.
1030 1773 1089 1828 II
1117 1776 1198 1839 12,
1225 1777 1255 1826 2
1293 1774 1494 1830 durum
1530 1775 1922 1831 Hannibalem.

539 1914 636 1965 165
648 1928 692 1967 s.
763 1911 1036 1967 Priscian.
1056 1910 1204 1968 VIII
1229 1914 1290 1965 21
1333 1911 1497 1969 GLK.
1526 1913 1585 1967 II
1610 1915 1727 1979 387,
1745 1916 1808 1967 19
1844 1912 2045 1968 XVIII
2076 1915 2170 1965 149
2197 1914 2363 1969 GLK.
2387 1915 2478 1969 111
2504 1917 2663 1979 275‚7

405 1997 716 2065 (Iuvenalis
753 1998 813 2052 in
850 1997 964 2053 111:
1004 2003 1275 2066 quantum
1308 2027 1379 2038 —
1413 1998 1643 2064 audiat).

397 2135 597 2191 chron.
635 2135 727 2190 111
759 2136 789 2186 2
839 2134 1005 2201 (1211
1041 2150 1094 2204 p.
1123 2136 1218 2187 211
1260 2135 1403 2199 init.)
1449 2134 1540 2191 fiir
1585 2136 1793 2205 capitis
1839 2137 2101 2205 gravatio
2147 2135 2346 2192 Ohron.
2376 2138 2404 2193 1
2434 2140 2457 2189 1
2499 2136 2577 2202 (T.
2606 2138 2666 2194 II

396 2238 449 2290 p.
482 2223 561 2287 ιτ)
598 2221 628 2275 1
653 2222 684 2270 5
723 2219 798 2281 (11
824 2221 906 2284 ετ)
943 2218 1029 2273 IV
1056 2221 1084 2269 7
1123 2220 1198 2284 (11
1225 2217 1377 2284 327).‘
1451 2220 1670 2275 Muller.

537 2308 648 2357 162.
721 2303 940 2360 Seneca
979 2304 1139 2360 Suas-
1179 2307 1209 2356 3
1261 2305 1541 2361 deliberat
1573 2304 1992 2376 Agamemnon,
2042 2324 2114 2361 an
2159 2307 2517 2378 Iphigeniam
2566 2310 2667 2364 im·

395 2392 581 2448 molet.
645 2389 836 2454 Quint.
860 2388 975 2444 VII
1001 2392 1050 2456 4,
1077 2392 1108 2441 2
1135 2391 1201 2455 (si
1239 2390 1447 2446 Caesar
1471 2391 1751 2448 deliberet
1779 2410 1852 2448 an
1888 2398 2030 2457 etc).
2092 2393 2175 2448 Id.
2203 2394 2294 2448 III
2321 2395 2367 2460 8,
2396 2396 2460 2445 33
2490 2396 2666 2459 (Pom-

394 2478 560 2548 peius
593 2475 945 2533 deliberabat
978 2503 1048 2513 —
1083 2492 1157 2529 an
1190 2506 1260 2516 —
1296 2493 1370 2531 an
1405 2481 1544 2540 ete).

537 2565 649 2616 163.
679 2565 791 2616 164.
847 2562 967 2616 Liv.
995 2561 1189 2617 XXVI
1220 2566 1274 2614 11
1318 2564 1493 2620 imber
1517 2565 1720 2633 ingens
1743 2565 2020 2634 grandine
2044 2566 2254 2621 mixtus
2277 2596 2347 2605 —
2372 2571 2670 2636 utramque

395 2650 577 2706 aciem
611 2648 868 2706 turbavit
899 2676 970 2688 -—
1005 2653 1063 2702 et
1097 2656 1328 2715 postero
1366 2651 1460 2705 die
1495 2681 1565 2689 —
1600 2652 1755 2705 acies
1794 2651 2101 2706 instructas
2137 2652 2334 2706 eadem
2359 2657 2667 2722 tempestas

396 2736 636 2792 diremit.
709 2733 768 2789 G.
807 2737 911 2791 Iul.
949 2736 1151 2793 Victor
1189 2739 1235 2802 3,
1262 2736 1293 2787 8
1329 2752 1383 2804 p.
1411 2737 1505 2787 381
1569 2735 1636 2789 H.
1687 2741 1754 2791 ut
1797 2737 1847 2790 si
1898 2735 2183 2791 Hannibal
2229 2751 2384 2803 reus,
2434 2738 2587 2807 quod
2635 2753 2670 2791 a

394 2823 566 2878 tertio
601 2821 794 2889 lapide
830 2822 988 2878 urbis
1023 2823 1376 2888 recessisset,
1423 2820 1640 2876 diceret
1674 2819 2007 2877 fulminibus
2045 2827 2103 2876 et
2136 2823 2407 2878 tonitruis
2446 2837 2507 2878 se
2544 2839 2668 2879 esse

396 2907 740 2963 deterritum.
790 2907 966 2964 Silius
991 2908 1107 2962 XII
1134 2908 1405 2961 663-665
1444 2905 1667 2961 invadit
1691 2907 1874 2961 Notus
1898 2922 1966 2961 ac
1990 2908 2212 2975 piceam
2238 2924 2365 2962 cum
2388 2910 2667 2977 grandine

395 2992 570 3048 multa
604 2993 945 3062 Intorquens
992 2994 1224 3061 nubem,
1271 2996 1634 3047 cunctantem
1682 2996 1741 3045 et
1774 3008 1925 3046 vana
1957 2993 2265 3048 minantem
2301 2993 2667 3062 circumagit.

395 3078 478 3133 Id.
515 3078 663 3132 XIII
690 3080 768 3130 15.
800 3081 862 3131 16
910 3080 1140 3145 imbres,
1191 3096 1225 3134 o
1261 3080 1472 3148 patria,
1521 3081 1580 3132 et
1613 3077 1824 3132 mixtos
1862 3094 1989 3132 cum
2025 3077 2300 3146 grandine
2335 3078 2558 3134 nimbos
2594 3080 2668 3133 Et

394 3164 641 3220 tonitrus
677 3163 855 3232 fugio.
928 3167 994 3216 20
1031 3165 1269 3220 fulmina
1304 3172 1363 3220 et
1398 3168 1530 3218 ante
1567 3162 1766 3218 oculos
1802 3163 1935 3218 irati
1969 3179 2166 3232 pugna
2198 3162 2491 3219 Tonantis.

529 3248 771 3302 madidas
805 3269 839 3304 a
874 3255 1179 3320 tempestate
1214 3250 1322 3305 wie
1362 3251 1459 3302 196
1497 3247 1683 3304 adhuc
1720 3265 1755 3304 a
1789 3256 1968 3305 matre
2000 3249 2309 3305 rubentem.

535 3337 648 3386 165.
680 3337 791 3387 166.
831 3336 947 3391 Der
965 3336 1181 3392 Rhetor
1201 3335 1412 3391 erkliirt
1429 3334 1551 3391 sich
1573 3336 1757 3390 einem
1774 3339 2276 3404 vorausgesetzten
2295 3333 2667 3390 interlocutor

392 3421 721 3490 gegeniiber
755 3421 955 3486 bereit,
982 3423 1119 3492 jede
1154 3436 1270 3476 von
1306 3419 1519 3475 diesem
1556 3437 1626 3475 zu
1659 3420 2071 3476 bestimmende
2097 3419 2320 3475 Summe
2358 3437 2428 3475 zu
2451 3420 2665 3486 zablen,

396 3522 562 3562 wenn
596 3521 656 3561 er
693 3506 787 3561 die
813 3507 1236 3576 Genugthnung
1270 3506 1456 3561 haben
1491 3505 1699 3573 home,
1739 3507 1870 3561 dass
1908 3507 2008 3560 der
2032 3505 2208 3560 Vater
2246 3506 2324 3570 (in
2360 3506 2460 3561 der
2484 3507 2667 3575 Regel
2765 3543 2771 3547 >

394 3591 728 3662 verlangten
764 3593 858 3648 die
882 3593 1060 3648 Vater
1096 3594 1217 3649 ihre
1243 3592 1431 3649 Sohne
1466 3592 1771 3661 moglichst
1806 3591 1890 3646 ofl:
1923 3608 1993 3646 zu
2030 3591 2228 3657 horem
2266 3609 2336 3646 zu
2364 3594 2476 3643 166.
2514 3592 2665 3648 Pers.

396 3683 443 3745 3,
469 3682 552 3731 47.
593 3677 926 3743 Quintilian.
954 3679 1014 3733 II
1043 3682 1072 3729 7
1078 3721 1088 3746 ‚
1122 3683 1165 3742 1)
1193 3680 1292 3735 des
1316 3679 1681 3747 unbegabten
1707 3677 1971 3733 Schiilers
1998 3678 2198 3732 dessen
2223 3676 2669 3746 Uebungsreden

394 3764 606 3819 ebenso
642 3763 729 3819 oft
761 3764 1010 3821 anhoren
1044 3769 1257 3833 musso,
1305 3765 1389 3821 als
1425 3781 1486 3821 er
1522 3764 1713 3820 selbst.
1786 3763 1937 3828 Quid
1975 3763 2048 3818 do
2086 3770 2151 3819 ut
2187 3763 2324 3819 oder
2358 3778 2430 3818 ne
2468 3764 2669 3832 gehort

395 3851 493 3905 der
525 3849 1052 3920 Umgangssprache
1099 3868 1185 3906 an.
1259 3851 1533 3920 Rebling‚
1580 3849 1837 3905 Versnch
1888 3850 2045 3904 einer
2082 3847 2533 3904 Charakteristik
2568 3850 2669 3903 der

396 3937 715 3992 romischen
784 3937 1343 4007 Umgangsspraoh02
1396 3936 1450 3992 S.
1485 3939 1551 3988 48
1628 3934 1782 3991 fflhrt
1849 3933 1938 3989 fiir
2011 3935 2123 3989 den
2184 3934 2480 3989 Gebrauch
2552 3951 2666 3988 von

395 4023 534 4094 quid
588 4023 704 4078 do‘?
761 4039 833 4077 an
888 4023 1105 4078 Seneca
1151 4022 1339 4078 Contr.
1379 4022 1464 4077 IX
1503 4024 1653 4088 3(26),
1685 4024 1743 4073 11
1803 4021 1940 4090 quid
1999 4021 2071 4074 do
2126 4034 2197 4074 ne
2253 4020 2664 4074 indicaverim?

400 4111 459 4160 12
494 4109 636 4179 quid
672 4109 746 4164 do
781 4124 853 4164 ne
888 4110 1101 4165 liberos
1135 4124 1292 4164 meos
1327 4108 1638 4177 recipiam?
1677 4106 1817 4176 quid
1853 4106 1944 4171 do,
1981 4120 2054 4160 ne
2081 4105 2481 4174 cognoverim?
2521 4103 2663 4174 (Vgl.

395 4195 515 4249 luv.
556 4197 603 4262 3,
634 4198 730 4247 184
769 4195 909 4264 quid
945 4195 1063 4262 das,
1100 4199 1168 4249 nt
1202 4193 1437 4249 Cossum
1473 4193 1782 4263 aliquando
1819 4191 2085 4254 salutes?'>

534 4282 647 4333 167.
717 4280 995 4350 sophistae.
1070 4280 1216 4336 Dass
1264 4281 1520 4350 sophista
1568 4278 1713 4334 auch
1760 4278 1837 4331 im
1872 4276 2273 4332 Lateinischen
2309 4276 2519 4331 ebenso
2554 4278 2664 4331 wie

395 4368 636 4438 σοφιστὴς
685 4367 762 4420 im
812 4365 1216 4422 Griechischen
1266 4365 1479 4421 damals
1527 4364 1616 4420 fiir
1661 4364 1854 4420 rhetor
1904 4367 2106 4433 gesagt
2150 4362 2366 4428 wurde,
2429 4363 2667 4418 beweist
