3334 5075
1113 19 1282 75 Liber
1318 20 1564 88 quintus.
1638 18 1844 75 Satura
1878 19 2031 75 XIV.
2586 23 2703 84 571

621 189 1026 274 exiguusque
1071 190 1270 274 cibus,
1318 209 1533 257 mersa
1576 199 1716 258 rate
1762 190 2118 277 naufragus
2164 209 2376 258 assem

621 302 773 369 dum
817 311 1005 388 rogat
1050 311 1114 370 et
1155 305 1334 389 picta
1379 324 1450 371 se
1494 310 1881 390 tempestate
1924 312 2160 372 tuetur.

701 417 902 484 tantis
947 423 1139 502 parta
1181 418 1372 483 malis
1417 437 1571 484 cura
1615 419 1859 483 maiore
1902 425 2207 500 metuque

619 537 975 612 servantur,
1024 531 1264 597 misera
1309 539 1408 597 est
1450 532 1671 617 magni
1717 532 2012 598 custodia
2055 549 2305 597 census.

451 649 571 705 305
619 642 953 727 dispositis
998 642 1349 728 praedives
1392 646 1558 710 amis
1603 644 1883 728 vigilare
1929 644 2251 712 cohortem

620 774 951 822 servorum
996 762 1187 822 noctu
1231 756 1497 822 Licinus
1542 758 1740 840 iubet,
1790 758 2097 824 attonitus
2141 778 2259 842 pro

621 868 860 935 electro
904 869 1238 953 signisque
1283 870 1419 935 suis
1463 869 1882 954 Phrygiaque
1924 871 2224 937 columna

620 987 817 1064 atque
862 982 1055 1048 ebore
1102 989 1167 1048 et
1210 981 1348 1049 lata
1389 980 1734 1049 testudine.
1828 982 2007 1050 dolia
2049 982 2207 1050 nudi

620 1113 748 1159 non
793 1093 1027 1161 ardent
1069 1095 1309 1178 cynici3
1358 1096 1413 1160 si
1458 1096 1757 1180 fregeris,
1804 1095 2013 1162 altera
2054 1096 2166 1163 fiet

449 1250 774 1391 oluff-³3⁰7·
847 1247 1092 1305 elec¹·¹¹⁸¹¹⁸¹
1140 1252 1399 1320 (fortasse
1434 1250 1650 1316 electis)
1693 1252 1747 1306 P
1787 1252 1998 1308 electro
2024 1269 2114 1321 pm
2157 1247 2244 1305 ‘cm
2280 1247 2562 1309 electris'?
2598 1251 2715 1305 Bit-

657 1459 770 1511 307.
841 1455 1049 1513 Tibull.
1089 1455 1179 1512 111
1217 1460 1264 1524 3,
1307 1459 1367 1510 13
1416 1458 1626 1527 quidve
1674 1459 1874 1514 domus
1921 1460 2157 1529 prodest
2198 1459 2463 1531 Phrygiis
2518 1460 2716 1515 innixa

449 1545 742 1602 columnis.

594 1670 710 1720 301.
783 1666 967 1723 Schol.
995 1666 1189 1723 Horat.
1216 1666 1274 1721 C.
1303 1667 1331 1723 1
1356 1670 1404 1733 5,
1434 1669 1494 1719 13
1531 1666 1599 1724 Α.
1625 1666 1686 1719 P.
1713 1669 1779 1719 20
1818 1666 2139 1737 (naufragus
2172 1698 2242 1708 —
2276 1671 2499 1734 tuetur).

588 1790 876 1841 301-302.
948 1786 1402 1859 Schiffbriichige
1441 1788 1651 1844 liessen
1687 1788 1809 1844 sich
1846 1788 1951 1843 auf
1978 1790 2074 1845 ein
2107 1790 2270 1846 Brett
2304 1790 2441 1846 oder
2476 1790 2715 1847 anderes

453 1875 595 1931 Holz
630 1875 731 1931 des
766 1880 1305 1946 untergegangenen
1330 1875 1566 1932 Schiffes
1604 1875 1716 1931 den
1741 1873 2093 1932 Schiffbruch
2118 1877 2306 1933 malon
2328 1876 2447 1932 und
2469 1877 2716 1946 hiingten

453 1961 577 2018 dies
613 1978 687 2017 an
722 1962 906 2017 einem
939 1962 1134 2019 Bande
1171 1963 1308 2018 oder
1331 1962 1574 2022 Biemen
1609 1978 1704 2018 um
1741 1963 1851 2019 den
1886 1962 2024 2019 Hals
2052 1966 2132 2029 (so
2157 1962 2233 2018 ist
2253 1964 2364 2019 wol
2390 1963 2535 2019 auch
2556 1963 2715 2019 Mart.

453 2047 569 2103 XII
594 2051 675 2117 57,
705 2050 767 2101 12
803 2048 1043 2105 fasciato
1066 2079 1133 2089 —
1157 2055 1360 2105 trunco
1396 2065 1465 2105 zu
1499 2048 1804 2116 verstehn)‚
1843 2065 1935 2105 um
1972 2050 2151 2106 damit
2184 2067 2255 2106 zu
2277 2050 2509 2107 betteln.
2566 2049 2717 2107 Jahn

455 2151 525 2190 zu
560 2134 711 2191 Pers.
742 2138 788 2203 1,
815 2137 895 2188 88.

590 2224 688 2273 303
716 2238 758 2277 s.
831 2222 958 2278 Seu.
983 2222 1125 2293 Epp.
1149 2224 1262 2289 115,
1291 2225 1353 2275 16
1376 2223 1590 2279 maiore
1614 2229 1895 2279 tormento
1919 2223 2167 2293 pecunia
2187 2224 2514 2293 possidetur
2549 2239 2715 2293 quam

452 2308 756 2376 quaeritur.
802 2308 884 2363 Id.
904 2307 1001 2365 Ad
1026 2309 1222 2380 Polyb.
1251 2310 1300 2375 9,
1320 2312 1350 2360 5
1375 2324 1679 2378 numquam
1706 2312 1913 2375 (omnia
1935 2311 2047 2366 ista
2068 2310 2236 2374 bona)
2261 2309 2405 2367 bene
2428 2315 2715 2367 tenentur:

453 2410 579 2449 nam
617 2398 682 2449 ut
715 2394 858 2449 nihil
891 2395 960 2452 de
984 2403 1236 2465 tempore
1259 2393 1452 2451 futuro
1475 2396 1757 2462 timeatur,
1796 2397 1924 2466 ipsa
1945 2402 2136 2453 tamen
2159 2412 2398 2466 magnae
2422 2396 2719 2453 felicitatis

453 2479 634 2535 tutela
668 2480 920 2538 sollicita
955 2487 1056 2539 est.

591 2570 706 2619 305.
778 2568 1053 2638 do'spositis
1086 2599 1157 2609 —
1190 2569 1326 2623 amis
1359 2568 1585 2640 viqilare
1619 2570 1894 2624 cohortem.
1976 2569 2090 2626 Der
2137 2568 2443 2626 Ausdmek
2489 2568 2596 2626 soll
2645 2586 2714 2624 an

455 2654 550 2709 die
586 2655 846 2712 cohortes
882 2656 1119 2727 vigilum
1154 2656 1434 2724 erinnem,
1474 2657 1533 2712 in
1571 2658 1743 2713 deren
1777 2656 1969 2714 Weise
2005 2657 2239 2713 Licinus
2274 2657 2433 2713 seine
2468 2655 2717 2713 Sklaven

455 2742 537 2797 als
574 2743 702 2798 eine
725 2742 1231 2801 Privatfeuerweln·
1267 2744 1573 2814 organisirt
1606 2745 1727 2800 und
1761 2746 2119 2814 ausgerflstet
2152 2743 2265 2799 hat.
2324 2742 2470 2799 Vell.
2496 2743 2556 2797 II
2581 2745 2663 2810 91,
2685 2745 2714 2793 3

456 2827 642 2886 Rufus
685 2830 947 2900 Ignatius
997 2859 1068 2869 -
1119 2831 1359 2887 collecto
1415 2832 1475 2886 in
1528 2830 1829 2887 aedilitate
1880 2829 2075 2887 favore
2128 2830 2347 2900 populi,
2402 2845 2567 2900 quem
2624 2845 2717 2884 ex-

454 2914 786 2985 tinguendis
820 2918 1047 2986 privata
1080 2915 1300 2973 familia
1334 2917 1618 2974 incendiis
1655 2918 1716 2973 in
1753 2917 1877 2975 dies
1901 2922 2151 2974 auxerat.
2211 2916 2382 2986 Digg.
2409 2915 2438 2970 I
2466 2917 2547 2983 15,
2572 2917 2602 2966 3
2628 2918 2660 2979 ἓ
2686 2917 2715 2966 3

455 3003 746 3058 sciendum
783 3010 872 3059 est
907 3009 1096 3059 autem
1138 3003 1486 3072 praefectum
1536 3004 1777 3073 vigilum
1826 3020 1928 3073 per
1979 3009 2157 3060 totam
2203 3008 2428 3059 noctem
2475 3002 2717 3072 vigilare

456 3088 659 3145 debere
695 3095 754 3144 et
789 3106 1044 3146 coerrare
1081 3091 1381 3146 calciatum
1417 3106 1542 3145 cum
1578 3090 1760 3148 hamis
1796 3098 1855 3147 et
1890 3090 2158 3147 dolabris.
2229 3089 2371 3145 Plin.
2405 3087 2502 3144 Ad
2531 3087 2622 3142 Tr.
2650 3089 2714 3139 33

456 3198 519 3222 =
543 3178 628 3243 42,
655 3178 686 3228 2
723 3183 782 3233 et
814 3178 1029 3247 alioqui
1065 3178 1258 3233 nullus
1295 3193 1530 3247 usquam
1567 3177 1627 3232 in
1662 3178 1900 3248 publico
1924 3179 2068 3248 sipo,
2104 3177 2266 3233 nulla
2286 3177 2466 3243 hama,
2502 3174 2718 3229 nullum

456 3262 700 3331 denique
738 3265 1165 3320 instrumentum
1202 3265 1275 3319 ad
1324 3264 1591 3319 incendia
1637 3265 2061 3335 compescenda.
2143 3264 2276 3319 Hor.
2302 3262 2357 3319 S.
2384 3262 2412 3318 1
2442 3265 2486 3329 1,
2515 3262 2714 3313 76—77

453 3348 698 3418 vigilare
733 3356 885 3406 metu
919 3379 989 3389 —
1022 3351 1348 3406 Formidare
1382 3352 1562 3408 malos
1595 3350 1762 3418 fures,
1800 3351 2082 3417 incendia,
2119 3355 2224 3406 etc.

595 3437 710 3487 307.
784 3439 986 3491 electro.
1074 3438 1205 3494 Wol
1260 3439 1417 3494 scine
1461 3435 1904 3494 Kostbarkeiten
1949 3454 2052 3492 aus
2099 3437 2427 3504 Bernstein,
2482 3436 2578 3492 die
2631 3434 2720 3491 als

454 3521 861 3578 Prachtstiicke
898 3523 957 3577 in
992 3524 1191 3579 seineu
1214 3523 1384 3580 Siilen
1419 3523 1750 3593 aufgestellt
1773 3524 1894 3579 sein
1919 3522 2189 3579 konnten.
2236 3523 2318 3579 Zu
2343 3525 2388 3589 5,
2414 3525 2494 3575 38.
2545 3522 2716 3590 Apul.

454 3608 523 3662 M.
550 3608 695 3663 1119
733 3609 999 3679 opiparas
1022 3610 1167 3665 citro
1193 3617 1252 3666 et
1275 3612 1444 3667 ebore
1468 3612 1717 3666 nitentes
1740 3609 1876 3665 lecti
1901 3639 1964 3648 -—
1994 3610 2252 3665 sucinum
2274 3610 2414 3664 mire
2439 3614 2714 3663 cavatum.

20 3714 21 3799 1
594 3695 935 3766 Phryyiaque
958 3697 1214 3751 columna.
1265 3698 1343 3752 Zu
1368 3699 1416 3763 3,
1440 3699 1552 3749 142.
1602 3696 1795 3765 vgl.7,
1818 3697 1914 3747 182
1938 3695 2305 3751 Numidarum
2328 3724 2399 3734 —
2422 3693 2716 3749 columnis.

22 3806 33 3861 1
452 3781 636 3838 Ueber
674 3783 783 3838 den
806 3782 1192 3854 Phrygieehen
1230 3782 1692 3853 (Synnadischen)
1719 3782 1958 3838 Marmor
1984 3783 2399 3847 (Pavonazetto)
2424 3781 2533 3837 Prl.
2560 3783 2655 3835 621
2680 3780 2714 3835 f.

25 3896 37 3937 t
594 3870 882 3922 308—309.
954 3869 1090 3922 nudi
1110 3870 1298 3940 cynici.
1358 3868 1486 3925 Seu.
1512 3867 1726 3925 Beneff.
1752 3867 1806 3923 V
1830 3871 1880 3935 4,
1910 3868 1939 3919 3
1966 3868 2227 3938 Diogene
2253 3868 2349 3937 qui
2375 3883 2476 3938 per
2501 3868 2718 3924 medias

454 3954 822 4012 Macedonum
857 3972 1027 4027 gazas
1062 3958 1249 4012 nudus
1285 3957 1532 4013 incessit.

595 4045 882 4096 309—310.
956 4043 1073 4098 Das
1110 4043 1481 4099 zerbrochene
1505 4043 1642 4098 Fass
1680 4042 1833 4098 kann
1871 4042 2047 4098 leicht
2083 4042 2257 4097 durch
2294 4043 2387 4097 ein
2424 4057 2599 4098 neues
2635 4057 2717 4096 er·
