3334 5075
635 122 759 185 528
1438 123 1726 179 Iuvenalis
1761 131 2074 180 saturarum

805 315 967 379 quas
1010 294 1253 361 habeat
1296 314 1573 361 veneres
1617 297 1838 362 aliena
1879 297 2209 381 pecunia?
2257 301 2470 366 nescis

678 414 754 471 35
803 427 992 490 quem
1039 414 1154 472 tua
1197 408 1583 491 simplicitas
1627 409 1828 474 risum
1871 409 2069 493 vulgo
2111 418 2387 492 moveat,
2436 431 2579 477 cum

804 521 1015 604 exigis
1061 541 1103 586 a
1147 540 1471 602 quoquam
1513 540 1598 587 ne
1642 523 1896 606 peieret
1940 529 2006 587 et
2049 530 2233 606 putet
2278 522 2431 589 ullis

804 651 949 698 esse
994 631 1261 716 aliquod
1303 652 1543 699 numen
1585 635 1851 717 templis
1896 653 2182 716 araeque
2225 635 2535 702 rubenti?

803 743 1129 826 quondam
1172 744 1296 810 hoc
1337 744 1692 828 indigenae
1736 745 2043 812 vivebant
2087 766 2283 830 more,
2327 747 2705 832 priusquam

802 863 1085 923 sumeret
1130 864 1454 941 agrestem
1498 857 1712 941 posito
1758 856 2130 923 diademate
2172 857 2407 925 falcem

676 979 753 1032 4ο
803 968 1120 1035 Saturnus
1165 969 1444 1053 fugiens,
1491 975 1647 1035 tnnc
1692 987 1835 1034 cum
1880 971 2271 1054 virguncula
2311 970 2474 1037 Iuno

801 1089 867 1147 et
909 1083 1204 1166 privatus
1247 1080 1462 1146 adhuc
1503 1081 1728 1147 Idaeis
1771 1081 2063 1166 Iuppiter
2107 1083 2330 1164 antris,

800 1193 982 1258 nulla
1026 1212 1222 1277 super
1261 1192 1471 1258 nubes
1517 1194 1821 1258 convivia
1863 1194 2319 1260 caelicolarnm

798 1324 920 1370 nec
962 1325 1126 1389 puer
1168 1305 1411 1369 Iliacus
1456 1303 1785 1370 semensa
1827 1325 1949 1371 nec
1993 1306 2296 1372 Herculis
2339 1325 2502 1372 uxor

799 1416 885 1483 ad
930 1416 1219 1500 cyathos,
1268 1423 1333 1482 et
1375 1417 1506 1481 iam
1551 1418 1794 1482 siccato
1840 1424 2103 1483 nectare
2145 1425 2412 1502 tergens

672 1537 749 1592 45
800 1528 1106 1594 bracchia
1147 1528 1478 1594 Vulcanus
1525 1528 1852 1612 Liparaea
1895 1531 2087 1611 nigra
2129 1529 2421 1611 taberna,

798 1632 1163 1717 prandebat
1206 1631 1333 1696 sibi
1379 1632 1653 1714 quisque
1699 1630 1877 1713 deus,
1926 1652 2046 1697 nec
2088 1632 2282 1698 turba
2325 1630 2589 1698 deorum

832 1816 913 1866 44.
987 1818 1046 1869 et
1070 1813 1199 1878 iam]
1234 1807 1422 1868 ‘ctiam
1449 1810 1707 1865 coniunxi
1732 1816 1939 1865 secutus
1967 1808 2038 1866 1²²
2062 1813 2363 1868 Bucheless.
2403 1814 2637 1880 siccato]
2663 1823 2892 1871 saccato

621 1901 825 1954 Jessen.

831 2040 914 2090 40.
985 2037 1154 2106 Verg.
1200 2035 1270 2090 A.
1314 2035 1459 2091 VIII
1502 2038 1601 2088 319
1663 2036 1881 2105 primus
1945 2037 2017 2092 ab
2081 2038 2334 2093 aetherio
2398 2039 2557 2093 venit
2616 2037 2891 2096 Saturnus

624 2122 880 2193 Olympo,
917 2122 1093 2177 Arma
1130 2122 1287 2176 Iovis
1322 2120 1549 2190 fugiens
1588 2128 1645 2177 et
1681 2122 1873 2190 regnis
1911 2121 2042 2176 exul
2080 2123 2374 2192 ademptis.

830 2212 912 2261 41.
985 2207 1277 2263 claudian.
1306 2206 1390 2262 IV
1414 2223 1568 2262 cons.
1594 2208 1804 2261 Honor.
1837 2209 1930 2259 197
1967 2208 2039 2263 ab
2069 2208 2263 2263 Idaeis
2287 2209 2609 2278 primaevus
2632 2211 2893 2281 Iuppiter

623 2300 802 2351 amns
828 2381 910 2432 43.
983 2379 1176 2434 Horat.
1203 2378 1261 2434 C.
1289 2380 1317 2433 I
1345 2379 1425 2445 29,
1454 2381 1481 2429 7
1521 2379 1772 2448 Propert.
1800 2379 1854 2434 V
1878 2381 1925 2446 8,
1954 2381 2016 2433 37
2056 2379 2271 2436 Auson.
2299 2380 2382 2435 Id.
2414 2383 2492 2448 12,
2523 2384 2584 2434 19
2621 2390 2812 2439 unten.

760 2520 841 2571 40.
914 2517 1185 2573 Priscian.
1210 2517 1298 2573 111
1319 2521 1367 2585 6,
1384 2519 1449 2569 34
1470 2516 1635 2573 GLK.
1657 2517 1717 2573 II
1741 2518 1931 2586 108,14
1954 2518 2266 2583 (Iuvenalis
2286 2519 2344 2573 in
2363 2519 2441 2575 V:
2470 2527 2606 2577 tunc
2624 2553 2694 2561 —
2711 2522 2889 2588 Iuno).

759 2608 825 2657 46
836 2621 906 2661 ss.
981 2604 1169 2659 Schol.
1198 2604 1336 2659 Stat.
1362 2603 1536 2659 Theb.
1563 2604 1617 2658 V
1639 2607 1743 2656 440
1769 2608 1893 2670 (nec
1926 2633 1997 2644 -
2031 2605 2315 2674 pondere).

757 2747 837 2795 34.
909 2760 1134 2808 veneres,
1172 2741 1364 2798 Reize.
1439 2741 1676 2806 Quintil.
1702 2742 1756 2797 X
1786 2745 1828 2810 1,
1858 2744 1938 2794 79.

758 2832 838 2883 39.
912 2829 1204 2898 indigenae,
1240 2826 1701 2895 Autochthonen,
1739 2828 1851 2883 wol
1888 2842 1997 2881 nur
2031 2827 2166 2883 hier.

756 2917 839 2968 43.
910 2915 1069 2969 Mart.
1097 2914 1155 2968 II
1182 2915 1264 2980 43,
1294 2916 1355 2965 13
1392 2928 1532 2982 grex
1568 2920 1702 2968 tuus
1741 2913 1921 2968 Iliaco
1956 2921 2183 2983 poterat
2218 2921 2436 2970 certare
2473 2917 2731 2972 cinaedo.

755 3004 837 3054 44.
910 3002 983 3054 ad
1004 3000 1230 3069 cyathos.
1269 2999 1463 3053 Horat.
1490 2998 1548 3052 C.
1575 2999 1603 3053 I
1630 3002 1712 3063 29,
1741 3001 1769 3049 7
1796 3015 1937 3068 puer
1953 3001 2081 3069 quis
2099 3029 2168 3039 —
2187 3001 2259 3056 ad
2279 3001 2544 3070 cyathum
2563 3005 2884 3058 statuetur?

615 3089 781 3157 Prop.
806 3086 862 3142 V
886 3086 1003 3152 (IV)
1041 3087 1089 3151 8,
1117 3087 1180 3136 37
1206 3085 1531 3153 Lygdamus
1567 3084 1643 3140 ad
1683 3086 1936 3155 cyathos.
2005 3083 2219 3141 Auson.
2247 3086 2329 3141 Id.
2360 3089 2422 3138 12
2450 3087 2558 3151 (De
2580 3086 2793 3153 histor.)
2823 3090 2886 3140 19

617 3182 733 3230 stat
768 3173 927 3228 Iovis
962 3171 1036 3226 ad
1072 3170 1352 3240 cyathum,
1389 3179 1623 3239 generat
1658 3186 1822 3240 quem
1860 3172 2186 3227 Dardanius
2221 3172 2380 3227 Tros.

754 3264 806 3312 et
841 3257 929 3312 fiir
965 3271 1096 3321 nec;
1135 3270 1205 3309 zu
1243 3257 1323 3322 15,
1355 3257 1466 3308 125.

753 3342 950 3396 siccato
985 3346 1214 3408 nectare,
1252 3341 1434 3398 soviel
1470 3342 1555 3397 als
1580 3344 1796 3398 siccato
1822 3343 2002 3398 calice
2027 3344 2289 3409 nectaris,
2315 3342 2428 3413 vgl.
2454 3346 2501 3409 5,
2527 3346 2594 3396 47
2621 3345 2884 3409 (siccabis

616 3429 884 3490 calicem).

754 3517 959 3582 teryens
993 3516 1077 3567 45.
1123 3513 1398 3567 Bracchia.
1472 3513 1536 3568 11.
1586 3513 1624 3568 Σ
1663 3518 1764 3568 414
1803 3516 2004 3588 σπόγγῳ
2043 3514 2082 3569 δ’
2127 3515 2259 3587 ἀμφὶ
2297 3517 2550 3585 πρόσωπα
2599 3517 2689 3570 ’καὶ
2725 3517 2884 3587 ἄμφω

614 3599 742 3672 χεῖρ’
780 3599 1090 3671 ἀπομόργνυ.
1165 3600 1275 3655 Die
1322 3599 1497 3655 Stelle
1546 3602 1623 3656 ist
1663 3602 1776 3657 wol
1811 3603 2022 3673 richtig
2069 3603 2414 3659 verstanden
2464 3619 2575 3657 von
2613 3602 2886 3658 Heinrich

614 3686 731 3741 und
766 3685 966 3740 Lewis.
1039 3684 1268 3741 Vulkan
1307 3687 1384 3740 ist
1416 3686 1539 3742 hier
1584 3688 1743 3742 nicht
1777 3689 2190 3755 Mundschenk‚
2238 3689 2482 3744 sondern
2530 3687 2696 3751 Gast,
2749 3689 2884 3744 aber

614 3773 708 3828 ein
744 3772 1142 3840 schmutziger5
1190 3788 1248 3828 er
1293 3773 1493 3828 wischt
1526 3774 1647 3829 sich
1687 3776 1780 3831 die
1818 3792 1932 3831 von
1968 3776 2067 3832 der
2102 3775 2306 3832 Arbeit
2354 3777 2416 3830 in
2460 3776 2649 3831 seiner
2682 3774 2884 3830 Werk·

613 3864 754 3913 statt
787 3859 1048 3926 russigen
1083 3858 1253 3915 Arme
1292 3865 1406 3914 erst
1442 3859 1528 3925 ab,
1581 3861 1854 3916 nachdem
1905 3876 1963 3916 er
2013 3862 2188 3917 schon
2237 3863 2365 3918 eine
2412 3860 2596 3916 Weile
2648 3861 2885 3929 gezecht

610 3944 724 3999 hat.
795 3943 1087 4011 Bilcheler,
1125 3946 1222 4001 der
1261 3946 1430 4000 etiam
1466 3961 1508 4000 s.
1535 3962 1587 3999 n.
1626 3945 1775 4013 liest‚
1811 3948 2063 4003 versteht
2087 3949 2162 4002 im
2187 3946 2609 4003 Wesentlichen
2642 3948 2880 4003 ebenso:

614 4030 711 4085 der
750 4030 843 4085 die
880 4029 1050 4085 Arme
1086 4031 1233 4085 noch
1270 4032 1413 4086 nach
1451 4032 1577 4086 dem
1611 4033 2048 4089 Nectartrinken
2085 4032 2314 4101 reinigt.

748 4117 829 4167 46.
905 4116 1062 4170 turba
1108 4118 1336 4170 deorum.
1435 4117 1562 4172 Sen.
1608 4118 1711 4188 frg.
1750 4122 1814 4171 39
1866 4120 1978 4184 (bei
2025 4119 2333 4190 Augustin.
2373 4120 2492 4174 Civ.
2532 4120 2641 4177 Dei
2677 4119 2761 4175 VI
2801 4122 2880 4181 10)
