3334 5075
672 349 798 416 228
1493 349 1784 405 Iuvenalis
1819 354 2132 404 saturarum

673 527 795 584 270
843 526 1015 586 testa
1058 519 1225 602 ferit,
1273 519 1568 605 quotiens
1610 520 1854 587 rimosa
1897 527 1965 587 et
2006 527 2188 587 curta
2232 521 2534 589 fenestris

841 649 1006 697 vasa
1047 629 1304 714 cadant,
1351 639 1594 715 quanto
1638 650 2017 716 percussum
2062 630 2349 717 pondere
2393 634 2655 719 signent

844 750 910 809 et
953 742 1225 810 laedant
1268 742 1532 810 silicem.
1622 744 1837 828 possis
1880 743 2157 828 ignavus
2201 742 2429 811 haberi

848 860 912 920 et
955 854 1151 920 subiti
1197 872 1389 920 casus
1434 852 1831 938 inprovidus,
1880 853 1967 921 ad
2009 874 2238 921 cenam
2283 856 2340 921 si

844 965 1189 1031 intestatus
1234 983 1379 1032 eas:
1427 963 1593 1032 adeo
1637 972 1732 1031 tot
1776 965 1932 1048 fata,
1981 973 2138 1049 quot
2180 967 2299 1032 illa
2795 957 2928 1116 's

675 1082 798 1139 275
846 1081 1034 1141 nocte
1078 1081 1302 1160 patent
1345 1077 1583 1161 vigiles
1625 1083 1695 1142 te
1736 1082 2195 1161 praetereunte
2236 1077 2584 1145 fenestrae.

848 1205 1003 1270 ergo
1049 1191 1233 1271 optes
1278 1192 1629 1269 votumque
1674 1187 1850 1253 feras
1893 1189 2266 1255 miserabile
2308 1195 2542 1271 tecum,

844 1303 917 1362 nt
962 1298 1093 1363 sint
1136 1304 1478 1364 contentae
1522 1297 1787 1382 patulas
1831 1296 2195 1366 defundere
2237 1301 2480 1385 pelves.

848 1408 1065 1475 ebrius
1110 1427 1188 1474 ac
1230 1410 1532 1493 petulans
1576 1410 1688 1493 qui
1733 1411 1981 1476 nullum
2023 1410 2192 1477 forte
2235 1410 2489 1493 cecidit,

847 1517 962 1585 dat
1004 1537 1268 1604 poenas,
1316 1527 1568 1587 noctem
1610 1521 1857 1605 patitur
1900 1521 2185 1605 lugentis
2229 1523 2508 1587 amicum

680 1636 802 1695 280
849 1630 1138 1713 Pelidae,
1187 1632 1380 1698 cubat
1422 1632 1490 1696 in
1534 1631 1789 1715 faciem,
1837 1652 1985 1698 mox
2029 1631 2269 1699 deinde
2312 1634 2614 1719 supinus3
2715 1676 2722 1682 -

847 1761 1003 1826 ergo
1047 1762 1175 1807 uon
1222 1742 1413 1809 aliter
1457 1743 1691 1827 poterit
1734 1741 2035 1825 dormire,
2083 1742 2470 1827 quibusdam

848 1871 1138 1919 somnum
1184 1854 1327 1919 rixa
1371 1853 1545 1920 facit.
1636 1854 1756 1920 sed
1803 1856 2099 1936 quamvis
2141 1855 2472 1940 improbus
2518 1855 2707 1920 aunis

846 1971 1044 2048 atque
1086 1984 1265 2032 mero
1307 1965 1570 2031 fervens
1614 1971 1804 2031 cavet
1847 1964 2035 2048 hunc,
2083 1984 2273 2050 quem
2317 1965 2580 2033 coccina
2620 1968 2816 2033 laena

883 2119 1074 2187 280sq.
1144 2133 1276 2173 mox
1312 2117 1517 2174 deinde
1553 2118 1793 2187 supinus
1825 2117 2012 2189 Tergo
2047 2119 2302 2174 Wt'uowa
2325 2120 2467 2184 (coll.
2497 2120 2633 2174 Stat.
2669 2120 2823 2174 Τλοό.
2858 2120 2952 2174 VI

680 2211 777 2258 789
814 2205 876 2258 ln
911 2208 1072 2272 terga
1105 2202 1405 2271 supinare).

884 2290 1000 2340 281.
1073 2287 1275 2341 delebat
1322 2286 1651 2341 Heimckt'm
1704 2292 1755 2342 et
1802 2289 1946 2343 Jalm
1957 2290 1995 2357 ²,
2051 2289 2517 2360 inter-royatiomm
2563 2290 2711 2345 Jahn
2730 2291 2774 2343 Ι
2825 2307 2943 2343 cum

669 2372 947 2446 plerisque
969 2372 1131 2443 fecit.
1204 2372 1472 2429 dormire:
1511 2372 1851 2442 quibusdam
1890 2375 2090 2429 Vahlen
2125 2375 2383 2442 dormire,
2419 2377 2750 2446 priusquam
2787 2374 2941 2431 Som-

678 2476 812 2515 num
846 2459 973 2515 rixa
1007 2458 1148 2515 facit
1193 2461 1549 2532 GHoffinann
1585 2459 1768 2522 (Novi
1787 2460 1986 2514 Amal.
2017 2468 2151 2515 1878
2176 2478 2238 2530 p.
2264 2465 2405 2526 308).

884 2599 1002 2651 280.
1072 2595 1337 2667 Cyprian.
1363 2596 1566 2654 Genes.
1597 2598 1727 2651 1347
1763 2613 1894 2653 mox
1931 2597 2150 2654 deinde.

816 2739 936 2792 272.
1002 2735 1259 2804 Pompeii
1295 2734 1682 2791 Commentum
1716 2733 1881 2790 GLK.
1907 2734 1961 2790 V
1989 2737 2103 2802 160,
2128 2737 2210 2787 22.

680 2875 909 2930 domiuo
946 2871 1150 2929 fecisse
1187 2871 1423 2939 dicetur,
1462 2872 1520 2927 in
1556 2871 1777 2928 iudicio
1814 2872 2110 2928 adiiciam:
2149 2878 2250 2928 aut
2271 2888 2476 2928 noxam
2502 2872 2724 2928 dedere.
2771 2873 2942 2943 Digg.

681 2959 866 3016 XLIV
891 2961 938 3026 7,
964 2961 995 3010 5
1033 2955 1228 3023 (Gaius
1262 2955 1409 3012 libro
1446 2957 1536 3012 111
1571 2957 1906 3023 Aureorum)
1940 2961 1971 3023 5
2005 2961 2034 3010 5
2083 2958 2133 3013 is
2177 2973 2405 3027 quoque
2448 2972 2519 3013 ex
2566 2957 2732 3014 cuius
2779 2973 2946 3014 cena-

681 3045 812 3102 culo
850 3074 915 3085 -
952 3044 1237 3100 deiectum
1282 3043 1630 3112 effusumque
1675 3042 1895 3113 aliquid
1942 3049 2053 3111 est,
2107 3044 2192 3099 ita
2237 3050 2301 3101 ut
2347 3044 2521 3101 alicui
2572 3051 2821 3111 noceret,
2875 3059 2946 3100 ex

681 3129 960 3187 maleficio
996 3128 1176 3185 teneri
1214 3127 1455 3183 videtur.

819 3217 936 3269 275.
1007 3212 1194 3283 viqilee
1226 3240 1297 3252 —
1318 3215 1614 3283 fenestrae.
1688 3216 1735 3282 8,
1765 3217 1861 3267 158
1896 3214 2208 3285 pervigiles
2230 3243 2298 3254 —
2320 3216 2566 3284 popinas
2614 3217 2693 3282 15,
2717 3217 2785 3267 43
2820 3229 2947 3285 per·

680 3300 962 3372 vigilique
1008 3305 1152 3356 tore.
1226 3297 1366 3354 Stat.
1393 3296 1448 3353 S.
1476 3297 1559 3353 IV
1584 3301 1724 3365 5,13
1775 3316 1890 3355 non
1935 3316 2109 3371 parea
2155 3300 2325 3357 tellus
2373 3298 2620 3371 pervigil
2669 3306 2727 3357 et
2769 3299 2947 3356 focus.

685 3388 767 3443 Zu
801 3388 850 3451 2,
882 3387 994 3437 170.

822 3472 939 3523 276.
1010 3473 1189 3523 votum
1223 3497 1287 3509 —
1322 3466 1637 3524 miserabile.
1709 3473 1758 3537 9,
1787 3474 1882 3525 147
1919 3477 2118 3527 votum
2151 3470 2490 3539 miserabile,
2536 3485 2641 3528 nec
2676 3486 2806 3540 spes
2843 3471 2948 3529 His

685 3558 899 3614 saltem.

822 3643 939 3694 279.
977 3642 1094 3692 280.
1166 3638 1231 3693 ΙΙ.
1258 3637 1301 3693 Ω
1332 3642 1527 3692 10-11
1569 3639 1743 3695 ἄλλοτ’
1780 3641 1866 3696 ἐπὶ
1899 3639 2121 3713 πλεύρας
2143 3642 2527 3713 κατακείμενος,
2553 3641 2737 3696 ἄλλοτε
2763 3642 2805 3695 δ’
2830 3640 2948 3696 αὖτε

674 3722 901 3792 Ὕπτιος,
954 3724 1140 3780 ἄλλοτε
1184 3723 1241 3777 δὲ
1290 3725 1511 3797 πρηνής,
1560 3725 1675 3779 τότε
1722 3725 1766 3779 δ’
1800 3725 1954 3797 ὀρθὸς
2001 3726 2234 3788 ἀναστάς.
2307 3728 2435 3784 Son.
2460 3728 2664 3799 Tranq.
2692 3732 2856 3797 an.2,
2886 3732 2941 3783 11

685 3814 871 3886 qualis
907 3812 1005 3868 ille
1040 3811 1374 3867 Homericus
1408 3811 1662 3869 Achilles
1698 3818 1800 3877 est,
1837 3814 2005 3868 modo
2039 3829 2267 3883 pronus,
2304 3815 2473 3870 modo
2509 3816 2763 3885 supinus.

823 3901 940 3952 281.
1012 3902 1132 3967 erqo
1175 3898 1285 3952 wie
1330 3900 1379 3965 9,
1407 3900 1488 3964 82,
1538 3903 1700 3954 sonst
1744 3898 1892 3968 ergo.
1964 3899 2066 3954 Bei
2115 3900 2214 3954 der
2250 3898 2814 3970 Zusammeufassung
2849 3900 2949 3955 des

684 3987 1283 4055 Vorausgegangenen
1328 3982 1569 4039 braueht
1613 3981 1746 4038 Juv.
1784 3984 1887 4039 mit
1920 3982 2190 4040 Vorliebe
2228 3998 2389 4052 ergo:
2446 3986 2494 4052 3,
2523 3987 2644 4051 1043
2682 3986 2731 4053 8,
2756 3986 2838 4038 37.
2864 3987 2947 4038 64.

685 4076 813 4140 2093
854 4072 1052 4138 1o‚54;
1094 4070 1173 4135 ιι,
1200 4071 1281 4121 21.
1309 4071 1400 4135 993
1443 4070 1673 4136 12,126;
1715 4072 1794 4135 14,
1819 4072 1901 4121 64.
1929 4072 2045 4123 244.
2115 4069 2339 4126 Vahlen
2373 4072 2675 4139 p.12-15.

823 4153 1138 4228 quibusdam
1176 4155 1427 4208 Somnum
1462 4154 1585 4208 rixa
1607 4154 1760 4226 facit
1796 4171 1865 4211 zu
1901 4157 2016 4208 242.

823 4244 939 4294 283.
1012 4238 1221 4293 coccina
1257 4241 1425 4294 laena.
1495 4239 1609 4295 Die
1654 4240 1824 4295 laena
1857 4256 1974 4295 war
2021 4241 2148 4295 eine
2192 4241 2291 4295 der
2338 4240 2729 4310 griechischen
2761 4239 2952 4312 χλαῖνα

688 4325 1131 4397 entsprechende
1155 4323 1265 4381 Art
1300 4326 1399 4381 des
1434 4341 1645 4394 sagum,
1683 4341 1798 4408 von
1831 4325 2069 4393 dickem,
2106 4327 2378 4395 zottigem
2402 4326 2569 4393 Stoff;
2605 4324 2714 4380 Prl.
2742 4326 2801 4380 ΙΙ
2826 4327 2952 4394 569;
