3334 5075
1090 373 1263 430 Liber
1300 380 1548 444 quartus.
1621 373 1829 432 Satura
1862 375 1995 431 XII.
2552 382 2687 447 513

579 548 758 614 laeta
801 546 922 614 sed
966 545 1317 614 ostendens
1362 547 1671 614 Clitumni
1714 566 1964 633 pascua
2005 548 2273 634 sanguis

576 661 706 727 iret
750 665 816 726 et
860 679 903 726 a
945 656 1182 743 grandi
1228 660 1450 726 eervix
1494 659 1798 726 ferienda
1839 660 2133 726 ministro

455 780 482 836 1
496 780 529 836 5
579 773 661 838 ob
704 770 986 838 reditum
1028 770 1418 857 trepidantis
1460 770 1676 838 adhue
1718 770 2173 853 horrendaque
2216 772 2394 857 passi

578 902 787 968 nuper
829 889 897 949 et
939 883 1325 949 ineolumem
1370 901 1516 949 sese
1559 883 1859 949 mirantis
1905 882 2116 949 amiei.

577 1015 730 1062 nam
774 1000 1040 1080 praeter
1082 994 1306 1079 pelagi
1350 1012 1541 1061 easus
1587 1001 1654 1062 et
1698 994 1992 1061 fulminis
2035 996 2203 1061 ictus

579 1106 809 1172 evasit.
899 1105 1146 1172 densae
1191 1106 1443 1172 eaelum
1488 1105 1888 1172 abscondere
1932 1107 2242 1172 tenebrae

577 1217 751 1283 nube
795 1237 930 1284 una
973 1218 1356 1299 subitusque
1401 1223 1742 1284 antemnas
1784 1217 2024 1301 inpulit
2064 1218 2257 1302 iguis,

450 1336 530 1394 20
578 1348 723 1394 eum
769 1347 842 1395 se
886 1329 1165 1412 quisque
1207 1328 1324 1395 illo
1363 1347 1743 1413 percussum
1787 1328 2085 1396 erederet
2129 1336 2196 1395 et
2237 1348 2388 1422 mox

578 1441 890 1507 attonitus
934 1440 1185 1506 nullum
1231 1440 1511 1507 conferri
1554 1457 1748 1525 posse
1791 1447 2054 1525 putaret

576 1550 993 1636 naufragium
1036 1552 1209 1618 velis
1255 1549 1652 1617 ardentibus.
1742 1552 1962 1616 omnia
2001 1550 2168 1617 fiunt

577 1662 740 1729 talia
783 1670 917 1729 tam
961 1664 1269 1747 graviter,
1317 1664 1373 1728 si
1422 1662 1682 1745 quando
1726 1663 1986 1748 poetica
2028 1664 2239 1747 surgit

579 1780 954 1859 tempestas.
1046 1792 1254 1860 genus
1300 1792 1452 1840 ecee
1497 1772 1681 1839 aliud
1725 1772 2115 1841 discriminis
2160 1774 2315 1841 audi

452 1892 530 1950 25
580 1891 646 1954 et
690 1885 1001 1951 miserere
1043 1887 1294 1968 iterum,
1345 1904 1738 1968 quamquam
1783 1886 1915 1951 sint
1957 1892 2176 1951 eetera
2220 1887 2411 1953 sortis

578 1996 874 2064 eiusdem
917 2015 1070 2082 pars
1115 1996 1263 2064 dira
1308 1997 1570 2080 quidem
1614 1996 1734 2063 sed
1777 1999 2040 2081 cognita
2082 1997 2303 2064 multis

577 2117 643 2176 et
686 2129 882 2192 quam
926 2110 1149 2176 votiva
1191 2114 1512 2175 testantur
1554 2107 1712 2175 fana
1753 2109 1997 2176 tabella

576 2221 883 2305 plurima3
931 2220 1213 2306 pictores
1258 2222 1407 2303 quis
1449 2220 1658 2288 nescit
1703 2222 1786 2288 ab
1830 2220 2007 2287 Iside
2052 2221 2235 2306 pasci
2252 2220 2288 2286 ⁶?

613 2428 693 2479 13.
766 2425 1002 2496 sanguis
1037 2424 1144 2490 (sic
1179 2424 1341 2480 etiam
1377 2426 1649 2492 Servium]
1688 2428 1874 2483 saneti
1898 2428 2233 2482 Homer-dm
2267 2429 2459 2498 segnis
2494 2430 2680 2484 KHo-

389 2517 528 2586 fiae.
690 2511 927 2583 sanguis
963 2512 1097 2580 Iret]
1133 2513 1278 2568 saeri
1315 2511 1523 2571 Umber
1569 2513 1838 2569 Weidner.

613 2705 693 2754 14.
767 2700 929 2757 ovid.
955 2701 1015 2757 F.
1043 2701 1127 2758 1v
1151 2705 1253 2755 415
1291 2709 1428 2773 apta
1464 2703 1601 2773 iugo
1639 2704 1836 2759 cervix
1870 2719 1986 2759 non
2023 2709 2110 2760 est
2144 2702 2400 2761 ferienda
2436 2706 2637 2763 securi.

542 2893 619 3033 ἓξ.
692 2891 849 2949 Serv.
890 2891 1060 2962 Verg.
1102 2891 1173 2946 A.
1216 2891 1364 2948 VIII
1410 2895 1508 2945 106
1563 2892 1816 2962 (sanguis
1860 2922 1933 2933 —
1977 2893 2266 2963 magistre,
2318 2911 2525 2965 mag-no
2565 2913 2675 2968 pro

400 2993 542 3048 81⁸¹!
607 2981 638 3043 )·
705 2986 708 2989 ’

539 3153 619 3203 13.
689 3149 934 3220 σαρκία,
988 3150 1189 3206 Basse.
1260 3148 1393 3220 Vgl.
1432 3148 1645 3205 Grimm
1681 3148 1823 3206 Dw.
1867 3149 2008 3205 Blut
2060 3150 2505 3221 (Abstammung)
2555 3152 2674 3207 und

397 3235 692 3302 Halbblut,
729 3235 1004 3292 Vollblut
1037 3236 1121 3290 als
1157 3235 1627 3305 Bezeiehnungeu
1663 3236 1927 3290 einzelner
1959 3235 2180 3292 Thiere.

536 3323 619 3374 21.
690 3320 948 3392 consen-i.
1020 3320 1287 3377 Conferre
1321 3321 1684 3391 vergleiehen
1721 3322 1865 3378 auch
1903 3324 1984 3390 13,
2012 3323 2125 3375 144.
2157 3325 2253 3374 147
2289 3323 2408 3377 und
2446 3324 2559 3375 154.

536 3408 617 3459 23.
644 3408 728 3459 24.
766 3405 985 3476 poetica
1017 3407 1338 3477 Tempestas.
1384 3407 1620 3462 Lucian.
1657 3406 1855 3473 Quom.
1892 3407 2022 3464 hist.
2049 3424 2264 3464 conser-
2291 3411 2357 3460 45
2395 3412 2670 3479 ποιητικοῦ

393 3510 532 3553 τινος
567 3491 760 3563 ἀνίμου
798 3490 1188 3564 ἐπουριάσοντος
1223 3491 1289 3545 τὰ
1322 3491 1526 3546 ἀκάτια.

536 3579 620 3630 27.
690 3577 867 3631 votiva
888 3607 957 3617 —
983 3578 1189 3645 tabella,
1226 3578 1343 3647 vgl.
1363 3578 1498 3634 Hor.
1519 3578 1634 3636 Sat.
1658 3579 1718 3635 ΙΙ
1746 3583 1792 3647 1,
1811 3582 1892 3633 33.
1947 3578 2306 3637 Votivtafeln
2327 3596 2443 3635 von
2470 3579 2669 3636 schiff-

394 3662 710 3733 brflehigen
743 3678 935 3719 waren
970 3665 1031 3720 in
1065 3663 1352 3733 Tempeln‚
1389 3663 1698 3722 besouders
1732 3666 1834 3721 der
1857 3666 1983 3734 Isis,
2019 3664 2210 3734 hsufig
2245 3664 2362 3721 Cio.
2390 3667 2455 3722 N.
2482 3666 2550 3720 D.
2578 3666 2670 3721 ΙΙΙ

397 3751 480 3816 37,
508 3749 573 3802 89
618 3764 809 3805 nonne
853 3749 1285 3817 animadvertis,
1345 3765 1416 3806 ex
1459 3756 1548 3806 tot
1589 3751 1803 3807 tabulis
1846 3752 2050 3821 pictis,
2097 3767 2264 3820 quam
2308 3752 2471 3807 multi
2512 3752 2668 3808 votis

393 3834 511 3889 vim
534 3835 894 3906 tempestatis
920 3836 1258 3905 effugerint?
1296 3835 1423 3891 Seu.
1451 3835 1641 3891 Goutr.
1669 3839 1735 3889 34
1762 3837 1832 3901 (X
1858 3840 1905 3902 5)
1935 3840 1958 3890 1
2000 3853 2182 3902 nemo,
2220 3842 2287 3892 ut
2309 3836 2668 3906 naufragium

394 3920 673 3990 pingeret,
710 3921 906 3976 mersit
941 3920 1238 3977 hominem.
1309 3921 1438 3991 Vgl.
1476 3923 1597 3977 Iuv.
1627 3924 1708 3989 14,
1734 3924 1834 3973 302
1873 3923 1991 3978 und
2027 3922 2132 3981 SG.
2159 3922 2249 3977 111
2276 3924 2391 3989 234,
2420 3925 2448 3972 7
2474 3923 2591 3977 und
2619 3924 2667 3974 8.

533 4007 613 4059 28.
687 4006 753 4060 ab
805 4006 980 4074 Iside,
1035 4006 1125 4062 als
1179 4008 1336 4063 einer
1387 4009 1806 4077 vorzugsweise
1859 4024 1962 4064 aus
2013 4006 2319 4077 Seegefahr
2369 4008 2668 4063 rettenden

395 4089 598 4147 Gattin
646 4092 745 4148 der
794 4091 1132 4148 Sehifffahrt.
1201 4093 1418 4149 Preller
1452 4093 1597 4148 ΒΜ.
1622 4094 1684 4149 11
1709 4096 1824 4148 381.
1895 4092 2105 4150 Tibull.
2130 4094 2159 4147 Ι
2186 4094 2233 4159 3,
2260 4094 2461 4144 27-28
2498 4108 2666 4161 nune,

395 4177 503 4233 dea
539 4177 700 4245 (Isis),
736 4194 890 4234 nune
926 4194 1190 4235 suecurre
1225 4179 1386 4234 mihi:
1423 4195 1554 4234 nam
1588 4194 1760 4248 posse
1794 4179 2006 4235 mederi
2029 4178 2194 4233 Picta
2229 4178 2399 4234 doeet
2433 4178 2666 4246 templis

391 4264 574 4320 multa
629 4263 851 4320 tabella
902 4265 1033 4321 tuis.
1112 4265 1349 4320 Lucian.
1386 4264 1539 4320 Dial.
1579 4265 1730 4322 deor.
1770 4268 1799 4317 3
1836 4264 1928 4321 fin.
1974 4265 2056 4329 (Io
2091 4295 2161 4304 —
2196 4264 2350 4329 Isis):
2403 4265 2492 4318 καὶ
2544 4265 2664 4327 τοὺς

394 4348 616 4420 ἀνέμους
653 4349 984 4422 ἐπιπεμπέτω
1019 4352 1108 4406 καὶ
1145 4351 1346 4412 σωζέτω
1381 4352 1502 4411 τοὺς
1537 4351 1801 4412 πλέοντας.
