3334 5075
1151 383 1322 438 Liber
1358 387 1607 452 quartus.
1682 382 1889 439 Satura
1923 384 1992 437 X.
2586 388 2708 452 481

439 561 560 619 285
608 555 923 635 vicerunt,
968 555 1170 637 igitur
1211 553 1503 619 Fortuna
1544 555 1754 637 ipsius
1799 559 1864 619 et
1906 555 2086 619 urbis

607 672 932 731 servatum
979 666 1151 731 victo
1197 671 1395 748 eaput
1436 665 1722 731 abstulit.
1811 664 1935 730 hoc
1978 666 2268 731 cruciatu

608 776 946 856 Lentulus,
997 776 1120 841 hac
1164 794 1376 859 poena
1419 776 1629 841 caruit
1673 774 2038 858 ceciditque
2085 775 2416 861 Cethegus
2463 813 2597 922 s

605 889 875 971 integer,
924 895 992 954 et
1036 888 1238 953 iacuit
1280 887 1566 953 Catilina
1609 885 1933 953 cadavere
1978 893 2128 952 toto.

694 998 967 1064 formam
1013 1004 1197 1082 optat
1240 997 1492 1064 modico
1535 998 1778 1082 pueris,
1825 999 2071 1063 maiore
2115 999 2356 1081 puellis

435 1116 560 1174 290
606 1129 951 1192 murmure,
998 1129 1144 1174 cum
1187 1109 1463 1176 Veneris
1509 1107 1731 1174 fanum
1776 1107 1974 1190 videt,
2022 1110 2221 1174 anxia
2264 1117 2471 1176 mater

605 1239 814 1304 usque
858 1220 944 1286 ad
988 1219 1261 1286 delicias
1303 1227 1615 1285 votorum.
1704 1213 1841 1284 ‘cur
1883 1213 2118 1285 tamen'
2167 1222 2379 1303 inquit

604 1325 988 1416 ‘corripias⁴?
1037 1331 1310 1415 pulchra
1352 1330 1599 1414 gaudet
1641 1330 1895 1396 Latona
1937 1324 2192 1396 Diana.²

606 1442 724 1509 sed
768 1449 950 1509 vetat
994 1443 1203 1526 optari
1249 1441 1484 1507 faciem
1529 1441 1837 1507 Lucretia
1878 1442 2140 1524 qualem

606 1554 754 1639 ipsa
796 1553 1043 1633 habuit,
1093 1559 1360 1637 cuperet
1403 1553 1663 1618 Rutilae
1708 1552 2025 1633 Verginia
2066 1552 2330 1635 gibbum

436 1672 556 1728 295
607 1666 904 1749 accipere
950 1671 1147 1747 atque
1191 1682 1376 1729 suam
1419 1662 1682 1727 Rutilae
1726 1660 1903 1728 dare.
1996 1659 2168 1727 filius
2214 1669 2429 1728 autem

641 1836 757 1888 295.
830 1841 1002 1904 atque
1051 1835 1226 1899 suam]
1279 1848 1443 1888 suum
1497 1834 1552 1885 P
1592 1832 1858 1885 Bitoheler
1896 1832 2074 1895 (Mus.
2120 1833 2291 1886 Rhon.
2337 1834 2533 1888 XLII
2572 1844 2704 1891 1887

423 1939 484 1991 p.
512 1927 644 1974 472:
682 1920 917 1988 gibbum
941 1921 1314 1980 nummatum)
1341 1932 1500 1972 suam
1515 1935 1604 1986 pm
1633 1916 2421 1987 (pulchritudinem-superisa.
2439 1924 2499 1988 p)
2527 1936 2705 1991 osque

432 2022 596 2061 suum
645 2005 910 2058 Weidner.

639 2161 754 2211 288.
826 2159 1035 2212 Lucan.
1062 2155 1209 2210 VIII
1234 2157 1333 2207 699
1370 2161 1562 2210 unten.

638 2245 754 2296 290.
827 2243 1079 2311 Propert.
1105 2240 1196 2296 111
1227 2244 1288 2294 15
1316 2241 1414 2306 (22)
1440 2243 1507 2292 42
1553 2240 1737 2296 tutius
1773 2245 1833 2296 et
1866 2242 2122 2309 geminos
2160 2243 2333 2298 anxia
2366 2251 2545 2313 mater
2580 2247 2701 2303 alit.

638 2331 753 2381 292.
826 2326 995 2396 Verg.
1021 2325 1091 2382 A.
1119 2326 1147 2380 I
1173 2328 1273 2379 498
1308 2332 1501 2381 unten.

568 2468 685 2518 287.
764 2464 1020 2533 Gotheyue
1068 2477 1388 2518 zusammen
1442 2464 1549 2518 mit
1592 2462 1843 2518 Catilina
1896 2464 2043 2519 auch
2101 2467 2148 2533 2,
2196 2467 2288 2531 27;
2347 2469 2395 2532 8,
2432 2469 2526 2519 231
2591 2468 2702 2524 wie

427 2553 636 2607 Lucan.
663 2551 723 2605 II
750 2552 1003 2602 541—43.

568 2636 684 2688 288.
757 2634 963 2705 integer
1007 2662 1078 2672 —
1126 2633 1378 2688 cadavere
1426 2639 1551 2688 toto.
1649 2632 1777 2690 Auf
1822 2635 1917 2690 die
1960 2637 2304 2706 Bestattung
2348 2637 2447 2693 der
2493 2639 2703 2694 Leiehe
2756 2678 2759 2683 -

429 2722 575 2778 ohne
598 2720 1096 2788 Verstiimmelung
1119 2720 1312 2775 wurde
1336 2735 1563 2788 grosser
1580 2719 1779 2776 Werth
1800 2721 2008 2788 gelegn
2046 2736 2111 2775 so
2134 2738 2249 2775 von
2274 2722 2423 2777 Nero
2450 2722 2699 2787 (Sueten.

428 2824 474 2864 e.
502 2809 570 2859 49
606 2814 672 2862 ut
705 2820 936 2874 quoquo
972 2804 1142 2860 modo
1178 2811 1336 2860 totus
1371 2808 1728 2867 cremaretur)
1766 2805 1884 2859 und
1908 2803 2053 2860 Otho
2080 2805 2227 2869 (Tac.
2254 2807 2321 2861 Η.
2349 2806 2408 2859 II
2434 2809 2500 2859 49
2526 2808 2702 2864 ambi-

427 2893 594 2948 tiosis
636 2890 903 2961 precibus
949 2890 1012 2945 id
1046 2891 1294 2960 petierat
1341 2905 1414 2945 ne
1461 2894 1849 2960 amputaretur
1901 2894 2075 2958 caput
2121 2890 2371 2947 ludibrio
2414 2890 2699 2957 futurum).

427 2977 591 3032 Corn.
627 2975 754 3033 Sev.
790 2975 886 3032 bei
923 2975 1050 3031 Sen.
1099 2974 1259 3031 Suas.
1294 2976 1343 3041 6,
1379 2978 1445 3027 35
1494 2980 1624 3041 (von
1670 2974 1888 3035 Cicero)
1942 2975 2188 3030 membra
2230 2982 2417 3030 tamen
2466 2976 2699 3045 Stygias

427 3063 562 3120 tulit
607 3062 888 3117 inviolata
923 3060 1027 3116 sub
1064 3061 1304 3116 umbras.
1376 3062 1585 3115 Lucan.
1621 3060 1766 3115 VIII
1800 3063 1900 3113 698
1946 3060 2165 3115 adeone
2207 3059 2448 3115 molesta
2490 3061 2700 3118 Totum

426 3165 563 3204 eura
597 3147 709 3204 fuit
743 3161 943 3203 socero
979 3160 1204 3201 servare
1240 3146 1483 3201 cadaver
1518 3147 1572 3201 X
1608 3148 1711 3199 379
1747 3145 2138 3213 tumulumque
2173 3173 2242 3182 —
2287 3145 2545 3215 Pompeii
2583 3162 2700 3209 non

426 3234 617 3289 omnia
649 3232 898 3289 membra
921 3236 1223 3300 tegentem.
1285 3231 1425 3287 Stat.
1453 3232 1507 3287 S.
1533 3233 1594 3285 II
1625 3234 1669 3297 1,
1701 3234 1798 3284 155
1826 3231 2125 3295 (Glaucias)
2152 3245 2456 3298 manesque
2480 3230 2699 3287 subivit

424 3319 653 3388 Integer
688 3324 748 3375 et
780 3317 938 3373 nullo
972 3322 1280 3373 temeratus
1316 3332 1557 3384 corpora
1601 3317 1822 3371 damno.
1905 3314 2075 3383 Apul.
2105 3314 2235 3368 Met.
2270 3314 2360 3368 III
2394 3317 2461 3367 49
2511 3316 2697 3385 dupli-

424 3411 586 3461 catur
620 3403 756 3458 mihi
794 3404 1086 3458 moestitia
1120 3401 1277 3471 quod
1312 3402 1538 3468 integro
1575 3398 1775 3455 saltem
1811 3401 1956 3454 mori
1991 3415 2107 3455 non
2141 3399 2384 3455 licuerit.

563 3491 664 3542 289
684 3505 756 3545 ss.
828 3487 961 3556 Vgl.
1001 3487 1128 3542 Sen.
1153 3487 1297 3554 Epp.
1325 3488 1410 3552 60,
1439 3488 1463 3536 1
1506 3484 1671 3549 (oben
1709 3484 1762 3541 S.
1796 3488 1944 3552 451);
1982 3487 2064 3551 94,
2091 3487 2155 3536 53
2171 3501 2213 3540 s.
2262 3486 2397 3541 Hor.
2422 3486 2566 3554 Epp.
2594 3486 2621 3539 I
2648 3489 2697 3553 4,

425 3576 560 3626 6-8
598 3575 658 3628 di
691 3574 802 3628 tibi
837 3572 1087 3636 formam,
1125 3571 1201 3625 Di
1235 3570 1345 3626 tibi
1371 3571 1608 3626 divitias
1631 3571 1912 3626 dederunt
1936 3575 2225 3639 artemque
2248 3568 2489 3626 fruendi.
2546 3570 2699 3635 Quid

423 3663 634 3715 voveat
668 3657 822 3712 dulci
859 3656 1152 3712 nutricula
1184 3656 1371 3711 maius
1406 3655 1651 3711 alumno.
1711 3656 1863 3711 Pers.
1891 3658 1938 3721 2,
1966 3658 2023 3707 31
2052 3671 2124 3711 ss.

562 3745 679 3796 291.
751 3760 916 3811 usque
951 3742 1024 3795 ad
1055 3740 1272 3795 delicias
1305 3746 1548 3795 votorum
1583 3743 1618 3795 i.
1648 3756 1695 3795 e.
1720 3756 1902 3809 usque
1939 3741 2013 3796 ad
2048 3741 2313 3810 ineptias.
2351 3740 2467 3797 Cic.
2496 3741 2696 3797 Orator

426 3831 488 3881 12
514 3845 557 3885 s.
603 3828 929 3883 Herodotus
973 3826 1452 3896 Thucydidesque
1497 3856 1566 3865 —
1610 3826 1944 3894 longissime
1993 3842 2028 3880 a
2074 3826 2287 3883 talibus
2332 3826 2558 3883 deliciis
2604 3825 2698 3881 vel

420 3915 617 3985 potius
655 3913 892 3981 ineptiis
917 3910 1180 3968 afuerunt
1205 3912 1461 3978 (Streben
1483 3911 1631 3966 nach
1654 3910 1974 3981 Rhythmus
1999 3913 2059 3966 in
2084 3913 2184 3967 der
2209 3911 2403 3975 Bede).
2458 3909 2692 3974 Quintil.

420 3999 533 4054 XII
560 4002 608 4068 8,
634 4002 666 4051 4
703 4013 775 4054 ne
813 3998 942 4053 illas
979 3998 1210 4066 quidem
1246 3998 1485 4052 delicias
1521 3996 1765 4062 tulerim,
1816 3997 1915 4065 qui
1954 3996 2148 4051 doceri
2186 3998 2400 4052 amicos
2436 4011 2571 4051 suos
2608 3997 2695 4049 iu-

419 4086 571 4141 bent.
623 4084 754 4140 Seu.
778 4084 989 4140 Benefl'.
1016 4083 1100 4138 IV
1125 4088 1155 4136 5
1193 4098 1373 4152 usque
1409 4084 1470 4139 in
1507 4082 1748 4139 delicias
1783 4097 2045 4137 amamus.
2108 4082 2189 4136 Zu
2226 4083 2273 4147 6,
2299 4084 2382 4134 47.

559 4172 676 4223 292.
750 4170 911 4225 Hom.
939 4168 1039 4224 od„
1078 4170 1104 4230 ζ
1143 4169 1344 4221 102-8
1391 4168 1596 4240 (γέγηθε
1633 4168 1691 4221 δέ
1726 4167 1943 4239 τεφρένα
1979 4166 2170 4236 Λητώ).
2243 4167 2412 4234 Vorg.
2439 4164 2509 4220 A.
2536 4166 2565 4220 I
2590 4168 2692 4218 498

419 4258 590 4310 -502
635 4257 904 4319 (Latonae
938 4256 1178 4311 tacitum
1212 4259 1595 4323 pertemptant
1629 4253 1844 4323 gandia
1878 4256 2112 4322 peetus.)

558 4343 675 4394 295.
746 4358 898 4395 suam
950 4358 1025 4397 sc.
1073 4340 1294 4396 faciem.
1373 4339 1650 4396 Bucheler
1696 4339 1800 4394 Rh.
1838 4339 1908 4394 M.
1945 4338 2107 4393 XLII
2149 4340 2278 4390 1887
2314 4337 2369 4393 S.
2407 4339 2509 4390 472
2561 4338 2694 4395 liest
