3334 5075
1181 351 1352 408 Liber
1388 356 1641 420 quartus.
1715 351 1920 407 Satura
1954 351 2024 406 X.
2615 351 2741 420 483

631 540 759 588 non
803 522 958 589 lieet
1001 539 1150 587 esse
1193 523 1352 588 viro.
1444 542 1596 588 nam
1639 521 1920 607 prodiga
1962 523 2356 607 corruptoris

461 639 583 696 305
630 632 1013 717 improbitas
1057 635 1238 716 ipsos
1282 632 1483 700 audet
1524 640 1842 718 temptare
1888 640 2234 717 parentes;

629 750 814 810 tanta
855 745 926 810 iu
970 744 1344 810 muneribus
1388 743 1645 811 fiducia.
1739 745 1957 810 nullus
2003 746 2327 828 ephebum

633 853 990 921 deformem
1034 874 1237 921 saeva
1280 857 1594 923 castravit
1636 856 1705 920 in
1751 875 1902 922 aree
1944 862 2284 940 tyrannus,

629 985 752 1031 nee
794 972 1280 1051 praetextatum
1323 968 1544 1050 rapuit
1587 967 1763 1032 Nero
1808 966 2167 1050 loripedem
2212 985 2333 1033 nee

631 1082 1021 1143 strumosum
1066 1084 1263 1160 atque
1309 1084 1494 1142 utero
1539 1077 1786 1162 pariter
1827 1078 2155 1161 gibboque
2199 1084 2570 1144 tumentem.

460 1194 582 1250 310
629 1188 653 1252 i
697 1206 869 1254 nune
913 1195 981 1254 et
1021 1189 1281 1254 iuvenis
1326 1188 1547 1271 speeie
1592 1188 1846 1254 laetare
1887 1187 2000 1270 tui,
2048 1207 2241 1271 quem

630 1301 881 1365 maiora
924 1305 1273 1383 expectant
1317 1298 1714 1364 diserimina.
1807 1298 1920 1366 fiet
1963 1299 2221 1366 adulter

630 1408 949 1493 publicus,
997 1416 1065 1476 et
1108 1427 1358 1494 poenas
1401 1411 1636 1475 metuit
1680 1428 2124 1493 quascumque
2169 1412 2388 1477 mariti

631 1520 785 1586 irati
829 1518 1045 1602 debet,
1092 1539 1216 1586 nee
1260 1521 1384 1587 erit
1426 1519 1681 1586 felieior
1723 1528 1901 1587 astro

669 1701 785 1750 304.
859 1699 985 1753 viro
1021 1699 1170 1753 Jahn
1205 1699 1362 1754 viros
1400 1700 1456 1752 P
1484 1698 1629 1754 viris
1664 1719 1723 1751 ω.

668 1785 784 1836 312.
857 1790 1075 1841 metuet
1119 1805 1162 1837 ω
1230 1783 1452 1840 maritis
1502 1784 1674 1841 Iratis
1711 1782 1992 1854 Riqauiue
2027 1784 2177 1838 Jahn
2247 1786 2435 1841 mariti
2485 1786 2579 1841 Ira
2627 1786 2739 1843 sibi

463 1867 707 1940 Madviq.
736 1869 966 1924 Advers.
993 1869 1112 1923 erit.
1140 1871 1224 1924 II
1243 1873 1357 1924 162.

667 1956 783 2007 313.
856 1955 1044 2021 debet]
1069 1954 1281 2011 debent
1294 1973 1341 2024 p
1360 1972 1479 2009 cum
1495 1957 1671 2026 qlom
1689 1956 1920 2024 exigere
1945 1955 2084 2009 unde
2107 1956 2353 2025 Exigere
2378 1956 2512 2011 irati
2533 1956 2583 2010 d.
2607 1954 2665 2009 in
2692 1957 2748 2009 P

460 2040 692 2095 mutavit
738 2058 929 2094 manua
965 2040 1219 2110 pessima.
1301 2040 1455 2095 Hinc
1503 2042 1714 2095 Mum-o
1757 2045 1809 2093 et
1856 2041 2088 2111 Mayor:
2138 2056 2507 2111 quascunque
2550 2041 2740 2097 mariti

461 2126 707 2195 Exigere
744 2127 948 2183 iratist.

598 2264 716 2314 305.
789 2260 1121 2331 improbitas.
1195 2267 1277 2317 zu
1315 2265 1362 2329 4,
1392 2264 1506 2315 106.

598 2348 715 2399 306.
788 2351 940 2400 tanta
975 2347 1034 2400 in
1066 2347 1377 2402 muneribus
1408 2347 1640 2419 fiducia.
1716 2348 1857 2404 Stat.
1892 2348 1994 2403 Th.
2033 2350 2127 2401 16⁷
2180 2349 2240 2402 in
2288 2348 2508 2403 volueri
2554 2346 2744 2405 tenuis

459 2430 672 2487 fiducia
706 2446 893 2487 eursu.
967 2432 1162 2488 Claud.
1190 2432 1330 2488 Bell.
1357 2432 1506 2488 Gild.
1533 2435 1634 2486 436
1674 2434 1734 2488 in
1770 2432 1910 2490 solis
1942 2433 2114 2503 longe
2149 2432 2364 2488 fiducia
2396 2434 2545 2489 telis.

599 2518 715 2569 307.
789 2517 1091 2588 Derartige
1126 2518 1284 2575 Falle
1329 2533 1520 2575 waren
1565 2519 1626 2573 in
1661 2518 2185 2590 Tyrannenthemas
2231 2521 2320 2584 (zu
2357 2520 2404 2585 7,
2445 2520 2559 2584 151)
2597 2519 2743 2575 ohne

458 2600 689 2658 Zweifel
712 2602 1084 2671 gewiihnlieh.
1146 2604 1537 2660 Fortunatian.
1575 2602 1699 2659 Art.
1724 2604 1865 2659 rhet.
1891 2605 1920 2659 1
1949 2607 2011 2657 15
2035 2621 2091 2673 p.
2119 2605 2204 2671 93,
2234 2605 2298 2655 27
2327 2604 2393 2658 Η.
2421 2604 2744 2673 tyrannidis

457 2692 712 2757 tempore
748 2690 1073 2757 speeiosum
1107 2688 1286 2745 filium
1322 2694 1486 2759 pater
1521 2689 1706 2744 amieo
1756 2689 2190 2744 commendavit.
2259 2687 2514 2744 Voeavit
2558 2690 2633 2743 ad
2680 2704 2743 2746 se

457 2778 676 2842 patrem
714 2773 839 2830 eius
871 2778 1148 2843 tyrannus
1185 2780 1245 2830 et
1278 2776 1577 2831 tormentis
1612 2774 1909 2844 expressit,
1946 2774 2047 2830 ubi
2085 2779 2237 2830 esset
2270 2772 2424 2828 filius
2461 2780 2567 2830 ete.

599 2858 659 2911 in
701 2877 838 2913 arce.
921 2857 1030 2914 Als
1076 2858 1198 2914 Sitz
1256 2860 1355 2916 der
1397 2859 1706 2930 Tyrannen
1765 2859 1909 2914 wird
1956 2863 2100 2915 stets
2155 2859 2285 2914 eine
2333 2874 2434 2914 arx
2481 2858 2739 2928 gedaeht.

463 2940 798 3007 Quintilian.
837 2943 996 2999 Deel.
1037 2945 1137 2996 274
1173 2961 1226 3013 p.
1267 2946 1366 2997 529
1415 2947 1599 3000 Burm.
1645 2946 1930 3001 hominem
1974 2944 2237 2999 oecidere
2281 2960 2397 2999 non
2441 2943 2603 3011 lieet,
2655 2950 2742 3013 ty-

460 3043 695 3084 ranuum
718 3029 887 3085 lieet:
914 3044 1243 3099 expugnare
1269 3030 1495 3086 domum
1520 3029 1607 3087 fas
1631 3047 1749 3086 non
1773 3035 1876 3097 est,
1904 3044 2089 3085 areem
2114 3028 2470 3099 expugnabit
2494 3029 2743 3097 optimus

464 3114 721 3183 quisque.
795 3114 878 3169 Ib.
917 3117 1020 3167 288
1067 3116 1284 3184 primus
1331 3121 1609 3187 tyrannus
1657 3144 1724 3155 —
1772 3115 2083 3184 oeeupavit
2125 3120 2315 3169 tamen
2361 3127 2546 3168 arcem
2583 3113 2739 3169 alter.

461 3199 562 3251 282
598 3203 877 3269 tyrannus
912 3215 1040 3255 eum
1077 3201 1139 3256 in
1176 3216 1360 3256 areem
1398 3201 1532 3257 duei
1569 3201 1835 3257 iussisset
1870 3201 2166 3254 cuiusdam
2203 3212 2465 3253 sororem.

599 3286 717 3336 308.
790 3284 1096 3353 loripedem,
1133 3286 1243 3341 wie
1280 3287 1328 3352 2,
1355 3287 1436 3338 83.

601 3369 716 3422 309.
791 3373 1001 3435 uterus,
1038 3385 1168 3424 vom
1204 3368 1563 3425 mannlichen
1596 3370 1792 3425 Baueh
1829 3369 1974 3423 auch
2009 3367 2105 3422 bei
2140 3365 2311 3435 Verg.
2349 3367 2560 3422 Luean.
2598 3367 2739 3424 Plin.

461 3452 606 3509 Cels.
632 3452 900 3522 Cyprian.
926 3455 1157 3509 Iudices
1185 3455 1283 3506 179
1318 3469 1532 3523 perque
1556 3458 1778 3510 uterum
1802 3454 1956 3521 regis
1978 3451 2278 3507 vielleieht
2300 3451 2448 3507 nach
2469 3451 2738 3508 Juvenal.

600 3541 717 3591 310.
788 3539 814 3590 ι’
845 3555 985 3591 nunc
1020 3543 1085 3592 et.
1159 3539 1242 3593 Zu
1281 3540 1393 3591 166.

597 3624 716 3675 311.
754 3624 870 3675 312.
942 3622 1156 3677 adulter
1191 3623 1459 3677 Publicus.
1533 3624 1666 3678 Hor.
1705 3622 1764 3677 C.
1791 3622 1850 3676 II
1877 3623 1924 3689 8,
1953 3625 2087 3674 7-8
2125 3623 2507 3692 iuvenumque
2543 3625 2740 3694 prodis

459 3706 698 3762 Publiea
736 3722 886 3762 eura.

596 3795 712 3845 312.
777 3810 982 3861 poenas
1004 3793 1196 3846 metuit
1219 3811 1573 3864 quascumque
1595 3793 1789 3847 mariti
1809 3793 1949 3848 irati
1968 3794 2133 3846 debet.
2186 3794 2487 3850 Btieheler:
2523 3810 2742 3864 poenas

462 3878 594 3934 irati
630 3892 1016 3947 quascumque
1051 3879 1258 3934 metuit
1292 3894 1390 3935 eas
1427 3879 1599 3935 debet
1634 3878 1767 3946 (νει.
1807 3877 1913 3932 Bh.
1946 3878 2087 3934 Mus.
2124 3878 2318 3933 XLIII
2352 3896 2406 3948 p.
2435 3882 2570 3946 296),
2609 3882 2660 3936 d.
2687 3881 2739 3935 h.

459 3962 633 4019 debet
678 3978 896 4031 poenas
944 3978 1330 4033 quascumque
1377 3965 1583 4021 metuit
1630 3979 1703 4019 ex
1744 3963 1830 4018 ira
1863 3964 2077 4019 mariti:
2129 3980 2189 4019 er
2222 3964 2377 4020 steht
2409 3972 2576 4021 unter
2613 3966 2742 4021 dem

459 4046 656 4102 Druck
692 4048 794 4104 der
821 4047 1034 4104 Fureht
1066 4065 1172 4105 vor
1208 4050 1308 4106 der
1342 4051 1680 4106 verdienten
1704 4047 1904 4116 Strafe‚
1943 4048 2088 4104 auch
2123 4064 2292 4104 wenn
2326 4050 2411 4105 sie
2448 4051 2546 4105 ihn
2581 4050 2743 4107 nieht

460 4132 721 4189 wirklieh
755 4133 913 4188 trifft.

598 4220 713 4271 313.
785 4237 882 4273 neo
917 4218 1024 4273 erit
1044 4219 1276 4290 felicior
1311 4225 1458 4276 astro
1483 4220 1692 4276 Martie
1726 4219 1818 4276 fflr
1850 4235 1958 4277 nee
1992 4224 2203 4277 astrum
2227 4220 2353 4276 eius
2378 4219 2605 4279 felicius
2630 4224 2741 4280 erit

461 4308 613 4359 astro
649 4304 862 4361 Martis.
937 4306 1019 4360 Zu
1056 4306 1104 4373 3,
1132 4308 1213 4358 74.
