3334 5075
702 139 827 201 542
1506 136 1797 193 Iuvenalis
1830 143 2145 194 saturarum

703 315 824 372 215
873 306 1213 392 displicet;
1260 307 1569 375 ostendas
1609 310 1866 392 melius,
1913 309 2307 376 densissima
2351 330 2519 395 ruga

872 420 1124 504 cogitur
1166 421 1236 485 in
1282 419 1561 486 frontem
1605 423 1788 487 velut
1828 422 1964 488 acri
2008 421 2204 487 ducta
2245 423 2543 488 Falerno,

872 539 1059 598 nocte
1104 533 1369 599 brevem
1416 533 1471 598 si
1517 532 1685 598 forte
1729 532 2005 599 indulsit
2049 553 2204 599 cura
2247 551 2543 618 soporem

873 651 939 709 et
979 650 1115 710 toto
1158 650 1422 710 versata
1463 650 1603 709 toro
1646 646 1781 710 iam
1824 646 2113 711 membra
2156 647 2517 729 quieseunt,

870 757 1173 821 continuo
1215 757 1526 841 templum
1572 763 1639 822 et
1682 755 1909 822 violati
1953 758 2237 823 numinis
2282 776 2431 823 aras

701 873 823 932 220
871 875 937 933 et
980 867 1155 951 quod
1195 868 1565 952 praecipuis
1608 876 1892 934 mentem
1937 867 2280 935 sudoribus
2324 875 2578 954 urguet,

870 987 937 1044 te
981 979 1163 1045 videt
1205 981 1272 1045 in
1320 980 1594 1058 somnis3
1641 986 1758 1045 tua
1800 998 1988 1045 sacra
2034 987 2099 1046 et
2142 982 2348 1045 maior
2391 981 2608 1064 imago

868 1090 1157 1157 humana
1199 1091 1419 1156 turbat
1462 1091 1774 1175 pavidum
1820 1092 2124 1176 cogitque
2167 1092 2379 1158 fateri.

869 1203 937 1268 hi
984 1210 1134 1268 sunt
1179 1204 1291 1284 qui
1335 1202 1671 1286 trepidant
1716 1210 1782 1268 et
1824 1203 1910 1269 ad
1954 1204 2172 1270 omnia
2216 1203 2480 1287 fulgura
2523 1203 2791 1287 pallent,

870 1335 1014 1381 cum
1059 1322 1256 1396 tonat,
1306 1315 1645 1395 exanimis,
1694 1315 1900 1398 primo
1945 1333 2203 1397 quoque
2248 1334 2571 1380 murmure
2618 1314 2802 1396 caeli,

698 1434 820 1491 225
867 1447 998 1492 non
1045 1426 1232 1508 quasi
1279 1426 1579 1492 fortuitus
1623 1446 1745 1492 nec
1787 1434 2122 1492 ventorum
2166 1427 2347 1493 rabie
2391 1426 2511 1493 sed

866 1541 1073 1605 iratus
1118 1536 1313 1604 cadat
1351 1538 1422 1603 in
1466 1544 1674 1603 terras
1720 1545 1786 1604 et
1829 1538 2075 1604 iudicet
2115 1539 2309 1622 ignis.

865 1651 985 1717 illa
1026 1651 1192 1716 nihil
1234 1650 1469 1731 nocuit,
1518 1669 1675 1715 cura
1716 1651 2018 1734 graviore
2062 1651 2327 1716 timetur

866 1763 1165 1846 proxima
1205 1770 1561 1845 tempestas
1605 1762 1789 1827 velut
1832 1761 1954 1827 hoe
1998 1760 2206 1828 dilata
2249 1780 2499 1828 sereno.

866 1881 1211 1958 praeterea
1251 1874 1478 1939 lateris
1523 1873 1706 1956 vigili
1751 1892 1896 1937 eum
1942 1872 2125 1940 febre
2168 1871 2458 1939 dolorem

902 2063 1018 2115 226.
1090 2061 1325 2128 iudicet]
1372 2061 1631 2117 vindicet
1677 2079 1708 2123 ς
1734 2061 1952 2115 Servius
1977 2061 2274 2131 Florileqia
2301 2060 2558 2116 Parisino
2599 2067 2665 2119 ut
2705 2063 2963 2119 vindicet

696 2147 1030 2204 HVazoeius.

901 2322 1017 2372 222.
1090 2318 1259 2389 Verg.
1279 2319 1349 2375 A.
1369 2318 1453 2375 VI
1479 2321 1577 2370 567
1604 2318 2070 2376 Rhadamanthus
2095 2319 2468 2390 Castigatque
2494 2320 2769 2391 auditque
2793 2322 2960 2377 dolos

692 2407 1022 2476 subigitque
1058 2404 1242 2460 fateri.

898 2495 1015 2546 224.
1088 2490 1257 2562 Verg.
1294 2490 1364 2548 A.
1404 2492 1433 2547 I
1476 2492 1572 2544 160
1626 2492 1846 2548 interea
1892 2507 2098 2562 magno
2143 2492 2371 2548 misceri
2414 2507 2695 2550 murmure
2738 2492 2956 2550 caelum

691 2580 922 2649 Incipit.

829 2754 929 2804 225
944 2768 987 2807 s.
1058 2749 1215 2806 Serv.
1241 2749 1408 2820 Verg.
1434 2749 1504 2806 A.
1532 2749 1616 2806 IV
1639 2752 1741 2802 209
1778 2749 1862 2805 VI
1891 2752 2004 2803 179.

829 2840 928 2891 227
939 2853 982 2893 s.
1054 2836 1238 2893 Schol.
1264 2837 1412 2892 Pers.
1442 2839 1490 2903 2,
1516 2838 1582 2889 24
1620 2839 1777 2902 (cura
1812 2864 1875 2875 —
1914 2839 2254 2906 tempestas).

829 2925 945 2977 229.
1015 2922 1290 2978 Priscian.
1327 2921 1442 2977 VII
1483 2923 1561 2989 12,
1598 2925 1663 2973 65
1713 2922 1877 2979 GLK.
1912 2922 1971 2976 11
2006 2924 2122 2989 342,
2161 2925 2190 2974 3
2230 2927 2289 2977 et
2321 2922 2596 2978 Priscian.
2621 2921 2736 2977 VII
2780 2926 2860 2990 16,
2895 2924 2957 2975 18

690 3010 856 3067 GLK.
881 3008 941 3063 II
966 3010 1083 3075 353,
1109 3009 1174 3061 20
1213 3007 1519 3073 (Iuvenalis
1556 3008 1615 3062 in
1651 3007 1732 3064 V:
1770 3014 2068 3077 praeterea
2103 3037 2168 3047 —
2206 3008 2489 3073 dolorem).

829 3183 923 3235 221
947 3197 991 3236 s.
1061 3178 1236 3233 maior
1269 3178 1442 3250 imayo
1479 3181 1751 3233 Humana.
1821 3180 1964 3235 Plin.
2002 3181 2145 3248 Epp.
2172 3179 2287 3235 VII
2313 3182 2396 3233 27.
2468 3179 2709 3236 Offertur
2745 3181 2800 3236 ei
2838 3197 2955 3235 mu·

687 3268 846 3323 lieris
883 3266 1078 3334 figura,
1115 3264 1360 3320 humana
1392 3265 1676 3334 grandior.
1747 3265 1879 3321 Tac.
1918 3266 2063 3321 Hist.
2092 3267 2118 3320 I
2148 3269 2212 3318 86
2248 3265 2518 3321 maiorem
2551 3266 2796 3321 humana
2830 3281 2957 3335 spe-

688 3354 849 3408 ciem.
923 3351 1007 3406 Id.
1048 3350 1123 3405 ib.
1158 3350 1242 3405 IV
1268 3353 1331 3402 83
1387 3351 1636 3407 oblatum
1687 3367 1790 3421 per
1843 3352 2093 3421 quietem
2127 3381 2199 3391 —
2232 3352 2445 3407 maiore
2498 3367 2666 3420 quam
2716 3352 2960 3408 humana

687 3437 882 3506 specie
919 3437 1196 3491 iuvenem.

828 3524 944 3574 223.
997 3523 1071 3575 ad
1088 3522 1263 3577 omnia
1269 3524 1506 3594 sulpura
1514 3524 1740 3591 pallent.
1778 3522 1931 3579 Suet.
1953 3522 2069 3578 Cal.
2084 3525 2142 3574 51
2169 3523 2268 3591 qui
2287 3523 2425 3578 deos
2445 3528 2605 3578 tanto
2626 3538 2799 3591 opere
2820 3540 2955 3578 con-

687 3614 975 3675 temneret,
1014 3608 1088 3663 ad
1121 3609 1351 3663 minima
1387 3608 1643 3664 tonitrua
1678 3616 1737 3665 et
1771 3608 1997 3678 fulgura
2031 3608 2316 3664 conivere.
2370 3608 2498 3664 Seu.
2523 3610 2588 3665 N.
2616 3624 2667 3678 q.
2694 3610 2752 3664 II
2781 3612 2863 3677 59,
2895 3613 2951 3662 11

686 3696 949 3767 pavescis
986 3695 1060 3750 ad
1094 3695 1239 3750 caeli
1275 3693 1553 3764 fragorem
1589 3703 1649 3751 et
1682 3696 1757 3750 ad
1793 3696 1961 3750 inane
1984 3694 2240 3750 nubilum
2265 3695 2534 3763 trepidas.
2594 3694 2834 3750 Tertull.
2859 3693 2954 3751 Ad

686 3784 851 3853 Scap.
879 3785 910 3834 2
947 3781 1129 3837 Deum
1163 3811 1232 3821 —
1269 3782 1341 3837 ad
1377 3782 1541 3837 cuius
1576 3780 1805 3849 fulgura
1840 3788 1899 3837 et
1932 3781 2187 3835 tonitrua
2221 3779 2678 3836 contremiscitis.

825 3872 942 3921 225.
1000 3868 1279 3939 fmuitm
1324 3868 1428 3923 mit
1463 3867 1690 3922 kurzem
1727 3868 1747 3921 i
1783 3867 1894 3921 wie
1928 3867 2212 3935 gratuitus
2251 3866 2406 3931 (Stat.
2446 3866 2500 3922 S.
2526 3866 2555 3920 Ι
2581 3869 2628 3932 6,
2659 3868 2774 3931 182)
2812 3866 2958 3921 auch

683 3957 779 4013 bei
814 3953 1083 4011 Manilius
1133 3956 1249 4019 (der
1286 3953 1410 4010 sich
1445 3953 1546 4009 der
1571 3953 1908 4023 Synhiiresis
1941 3969 2088 4022 ganz
2123 3953 2355 4017 enthfflt)
2415 3953 2443 4007 I
2474 3954 2569 4005 182
2605 3968 2737 4008 nam
2770 3968 2956 4022 neque

684 4043 953 4099 fortuitos
990 4046 1149 4097 ortus
1184 4040 1551 4110 surgentibus
1588 4041 1773 4096 astris.
1845 4039 2090 4095 LMiiller
2130 4040 2199 4094 B.
2225 4057 2294 4094 m.
2321 4041 2436 4091 258.

823 4128 939 4179 229.
1010 4126 1169 4197 viqili
1222 4127 1385 4185 febre.
1480 4125 1706 4181 Anders
1758 4124 1843 4181 als
1896 4125 2109 4195 vigiles
2157 4154 2224 4165 -—-
2272 4124 2554 4181 fenestrae
2597 4141 2650 4181 u.
2691 4123 2803 4194 dgl.
2864 4128 2951 4189 (zu
