3334 5075
1131 52 1299 108 Liber
1336 54 1584 122 quintus.
1657 52 1863 109 Satura
1896 54 2022 110 XV.
2594 59 2720 124 589

623 230 689 289 et
733 223 1036 289 brevibus
1078 224 1292 308 pictae
1334 226 1532 290 remis
1574 224 1947 291 incumbere
1989 231 2217 293 testae.

621 354 742 401 nec
786 354 1062 418 poenam
1108 337 1339 401 sceleri
1384 336 1683 402 invenies
1727 357 1850 402 nec
1894 335 2094 421 digna
2138 340 2400 422 parabis

458 454 574 511 130
622 446 945 532 supplicia
989 447 1091 511 his
1134 449 1409 532 populis,
1458 449 1528 514 in
1573 469 1844 531 quorum
1887 457 2104 516 mente
2147 469 2342 535 pares
2385 459 2537 517 sunt

622 566 687 624 et
731 557 979 624 similes
1023 557 1126 624 ira
1167 565 1365 641 atque
1411 559 1639 625 fames.
1731 560 2111 627 mollissima
2152 560 2353 628 corda

618 670 900 735 humano
944 671 1171 753 generi
1216 669 1375 737 dare
1419 689 1492 737 se
1536 678 1774 738 natura
1815 671 2072 756 fatetur,

618 801 785 865 quae
829 782 1135 848 lacrimas
1179 780 1388 863 dedit;
1435 782 1601 849 haec
1643 784 1847 850 nostri
1892 802 2045 868 pars
2090 785 2334 869 optima
2377 804 2624 852 sensus.

617 894 877 976 plorare
923 913 1077 978 ergo
1122 894 1304 961 iubet
1345 913 1611 961 causam
1655 895 1931 962 dicentis
1974 897 2168 962 amici

453 1011 569 1068 135
617 1006 983 1089 squalorem
1029 1011 1226 1088 atque
1269 1007 1382 1088 rei,
1432 1007 1752 1091 pupillum
1795 1007 1884 1072 ad
1925 1008 2072 1074 iura
2114 1015 2455 1074 vocantem

617 1117 1251 1202 circumscriptorem,
1300 1119 1485 1185 cuius
1528 1120 1861 1186 manantia
1903 1118 2060 1186 fletu

617 1248 731 1294 ora
774 1230 1101 1312 puellares
1145 1229 1394 1296 faciunt
1436 1230 1688 1296 incerta
1732 1231 1974 1315 capilli.

614 1347 887 1406 naturae
930 1341 1202 1424 imperio
1247 1343 1582 1424 gemimus,
1631 1362 1776 1407 cum
1822 1341 2017 1407 funus
2060 1343 2324 1411 adultae

615 1453 890 1536 virginis
935 1453 1209 1518 occurrit
1250 1453 1360 1518 vel
1405 1460 1578 1520 terra
1621 1453 1947 1520 clauditur
1989 1453 2206 1521 infans

449 1567 567 1627 140
615 1570 681 1629 et
723 1565 931 1628 minor
975 1564 1129 1648 igne
1171 1564 1331 1648 rogi.
1423 1565 1569 1647 quis
1615 1566 1787 1630 enim
1832 1564 2040 1631 bonus
2086 1571 2152 1631 et
2195 1564 2338 1632 face
2386 1566 2621 1650 dignus

651 1737 763 1788 134.
837 1750 1028 1789 casum
1064 1733 1318 1804 lugentis
1361 1733 1540 1788 Curio.

650 1820 763 1871 135.
835 1820 1153 1888 squalorem
1189 1825 1361 1889 atque
1396 1820 1481 1875 rei
1517 1819 1696 1874 Kiaer
1710 1839 1771 1890 p.
1792 1827 1933 1875 27⁸⁸.
1972 1821 2403 1892 squaloremque
2437 1822 2523 1878 rei
2559 1822 2705 1876 codd.

650 1961 760 2010 140.
834 1957 1043 2012 Lucan.
1071 1956 1187 2011 VII
1213 1958 1312 2008 799
1349 1958 1573 2014 invidet
1608 1959 1744 2028 igne
1780 1959 1903 2028 rogi
1941 1959 2178 2014 miseris.

579 2097 693 2147 140.
764 2095 1036 2151 Priscian.
1062 2094 1177 2150 VII
1208 2097 1287 2162 13,
1313 2096 1378 2147 68
1416 2094 1579 2150 GLK.
1608 2094 1665 2150 ΙΙ
1692 2097 1809 2163 345,
1838 2097 1902 2147 12
1940 2097 2137 2160 (minor
2174 2096 2307 2166 igne
2341 2097 2501 2166 rogi).

437 2233 690 2304 geschirr
746 2232 967 2299 (Strabo
1012 2232 1182 2288 XVII
1239 2250 1295 2302 p.
1334 2235 1450 2285 789.
1520 2231 1690 2300 Verg.
1726 2232 1790 2287 G.
1836 2232 1921 2287 IV
1964 2235 2255 2286 287—289
2296 2233 2512 2290 Pellaei
2567 2250 2707 2305 gens

439 2319 729 2376 fortunata
760 2317 981 2388 Canopi
1017 2346 1087 2357 —
1122 2319 1334 2373 circum
1367 2318 1544 2387 pictis
1578 2318 1806 2373 vehitur
1842 2333 1948 2373 sua
1980 2334 2113 2373 rura
2146 2318 2414 2387 phaselis.

578 2408 690 2458 135.
761 2406 1061 2474 squalorem
1091 2434 1163 2444 -
1196 2404 1292 2458 roi.
1371 2403 1609 2458 Porcius
1651 2404 1826 2458 Latro
1864 2402 1960 2458 bei
2006 2402 2133 2458 Seu.
2172 2402 2362 2459 Contr.
2403 2407 2485 2472 30,
2521 2409 2551 2457 7
2605 2420 2707 2475 per

437 2491 539 2549 has
561 2491 839 2558 lacrimas,
875 2505 977 2560 per
999 2489 1150 2546 hunc
1175 2490 1506 2560 squalorem,
1544 2502 1647 2557 per
1670 2488 1812 2545 haec
1835 2489 2159 2544 necessaria
2177 2489 2440 2547 omnibus
2474 2491 2703 2560 pericli·

436 2578 692 2633 tantibus
744 2577 1134 2632 insta-umenta.
1226 2576 1461 2642 Quintil.
1498 2574 1584 2630 VI
1624 2576 1670 2641 1,
1708 2576 1773 2626 33
1823 2579 1885 2629 at
1929 2573 2126 2630 sordes
2175 2581 2235 2630 et
2279 2575 2597 2645 squalorem
2646 2584 2706 2633 et

434 2664 883 2734 propinquorum
918 2677 1145 2732 quoque
1181 2662 1420 2719 similem
1455 2660 1713 2716 habitum
1748 2659 1869 2716 scio
1906 2659 2188 2729 profuisse
2234 2666 2294 2716 et
2328 2677 2592 2730 magnum
2629 2664 2705 2717 ad

436 2750 675 2806 salutem
726 2755 1068 2804 momentum
1120 2763 1318 2816 preces
1372 2747 1664 2803 adtulisse.
1753 2747 1912 2801 Mart.
1948 2745 2005 2800 X
2050 2748 2132 2813 36,
2168 2748 2198 2798 3
2235 2745 2414 2803 barba
2463 2761 2702 2803 reorum.

435 2835 604 2905 Digg.
630 2834 848 2890 XLVII
887 2837 966 2901 10,
992 2836 1058 2886 39
1103 2840 1320 2890 vestem
1367 2833 1652 2889 sordidam
1698 2832 1784 2887 rei
1827 2832 2056 2887 nomine
2103 2833 2165 2887 in
2211 2833 2444 2901 publico
2495 2833 2706 2890 habere

436 2920 775 2991 capillumve
812 2921 1159 2977 summittere
1205 2919 1349 2975 nulli
1383 2919 1548 2985 lieet,
1597 2918 1715 2973 nisi
1761 2918 1845 2974 ita
1881 2918 2222 2974 coniunctus
2269 2922 2357 2973 est
2391 2917 2701 2986 adfinitate,

434 3012 502 3062 ut
535 3006 751 3062 invitus
786 3007 849 3060 in
890 3022 1049 3062 reum
1093 3005 1480 3062 testimonium
1528 3005 1718 3060 dicere
1763 3003 1895 3073 cogi
1942 3019 2059 3058 non
2109 3003 2308 3072 possit.
2377 3004 2704 3073 Marquardt

433 3092 542 3147 Prl.
580 3094 698 3146 601.

574 3179 687 3230 137.
748 3180 1023 3247 puellam
1055 3207 1126 3218 —
1161 3175 1359 3247 capilli.
1432 3176 1551 3232 Das
1593 3173 1764 3244 lange
1798 3173 2170 3231 Lockenhaar
2206 3175 2307 3231 des
2341 3190 2484 3245 puer
2520 3176 2698 3245 capil-

432 3263 584 3319 latus
620 3267 706 3329 (zu
731 3264 779 3329 3,
811 3265 923 3329 186)
948 3264 1137 3320 macht
1159 3279 1221 3320 es
1244 3259 1599 3330 zweifelhaft,
1638 3261 1712 3317 ob
1736 3276 1866 3316 man
1891 3259 1993 3316 das
2018 3260 2255 3317 Gesicht
2279 3260 2436 3317 eines
2459 3260 2702 3317 Knaben

434 3349 572 3404 oder
604 3347 909 3404 Madchens
944 3365 1048 3405 vor
1084 3349 1207 3405 sich
1241 3349 1356 3405 hat.

572 3436 685 3501 1510.
755 3434 930 3487 minor
964 3434 1085 3504 {qne
1118 3434 1251 3506 νομί.
1307 3435 1389 3490 Zu
1412 3437 1460 3502 3,
1487 3435 1603 3486 203.
1663 3432 1806 3488 Plin.
1832 3433 1897 3488 N.
1923 3432 1975 3487 11.
2001 3432 2116 3488 VH
2144 3436 2209 3486 72
2234 3433 2516 3489 hominem
2539 3434 2700 3503 prius

432 3534 601 3589 quam
636 3519 833 3588 genito
870 3519 1040 3576 dente
1077 3521 1314 3576 cremari
1349 3535 1470 3575 mos
1505 3521 1763 3589 gentium
1799 3536 1916 3575 non
1951 3526 2052 3577 est.

572 3606 856 3657 140—142.
929 3606 1044 3661 Der
1079 3605 1222 3663 Sinn
1256 3607 1358 3662 ist:
1416 3604 1552 3660 kein
1596 3605 1775 3662 Gnter
1821 3606 1939 3661 und
1981 3605 2220 3676 folglich
2263 3621 2334 3661 zu
2387 3606 2498 3661 den
2531 3605 2700 3660 Eleu-

432 3691 720 3748 sinischen
761 3690 1070 3760 Hysterien
1105 3693 1510 3762 Zugelassener
1561 3691 1809 3757 (Lobeck
1842 3690 2123 3760 Aglaoph.
2159 3707 2214 3760 p.
2254 3693 2471 3753 15—17)
2517 3688 2699 3745 bleibt

427 3776 522 3832 bei
559 3776 810 3833 fremden
845 3776 1062 3832 Leiden
1096 3778 1507 3834 theilnahmlos.
1568 3777 1724 3835 Statt
1759 3777 1857 3833 der
1880 3777 2189 3847 Hysterien
2227 3775 2406 3831 selbst
2439 3775 2539 3830 hat
2571 3775 2695 3832 hier
2789 3786 2792 3791 ·

427 3861 674 3919 Juvenal
711 3863 806 3918 die
842 3878 932 3917 am
967 3864 1050 3914 20.
1087 3864 1467 3920 Boedromion
1502 3864 1605 3920 mit
1639 3862 1889 3919 Fackeln
1923 3878 2040 3918 von
2071 3860 2265 3918 Athen
2299 3861 2445 3917 nach
2469 3860 2696 3918 Eleusis

430 3948 702 4006 ziehende
735 3949 1073 4006 Procession
1108 3949 1186 4004 im
1223 3948 1413 4006 Sinus.

565 4036 687 4104 quis
717 4065 789 4075 -
821 4037 985 4090 bonus
1005 4066 1075 4075 —
1114 4038 1227 4090 142.
1277 4037 1405 4092 Ulla
1437 4035 1615 4091 aliena
1648 4035 1758 4090 eibi
1789 4034 1958 4091 eredit
1988 4034 2167 4089 mala?
2233 4033 2543 4091 Visueicht
2575 4033 2695 4090 An-

530 4136 719 4180 Juvenal
743 4136 788 4179 11
2218 4140 2280 4190 15
