3334 5075
1163 367 1332 425 Liber
1367 366 1596 437 primus.
1669 366 1873 424 Satura
1909 367 1952 421 Ι.
2577 372 2698 434 135

619 539 779 625 figat
821 560 1049 624 aprum
1095 547 1161 607 et
1203 538 1382 605 nuda
1424 546 1646 606 teneat
1688 538 2014 605 venabula
2057 558 2356 621 mumma,

615 652 922 737 patricios
967 651 1174 717 omnis
1218 650 1450 736 opibus
1493 670 1637 717 cum
1682 656 1987 735 provocet
2029 669 2197 716 nnus

490 771 567 827 25
616 782 742 846 quo
785 762 1097 830 tondente
1139 763 1362 847 gravis
1405 763 1629 829 iuveni
1674 761 1832 828 mihi
1877 760 2082 828 barba.
2126 761 2414 841 sonabat,

650 954 731 1004 25.
803 951 971 1021 Verg.
998 951 1116 1007 Ecl.
1146 955 1192 1019 1,
1219 953 1283 1004 28
1318 951 1614 1007 candidior
1635 956 1937 1021 postquam
1960 950 2223 1007 tondenti
2248 949 2425 1006 barba
2447 950 2702 1006 cadebat.

581 1093 662 1143 24.
725 1088 994 1160 patricios
1033 1089 1215 1145 soviel
1257 1088 1342 1149 als
1382 1087 1619 1155 nobiles,
1656 1089 1767 1144 wie
1802 1091 1850 1155 8,
1880 1088 1978 1140 190
2011 1088 2305 1144 triscurria
2336 1087 2706 1156 patriciorum

443 1176 617 1241 4,102
675 1180 824 1231 artes
874 1175 1150 1243 patricias
1207 1177 1286 1241 10,
1314 1176 1414 1228 332
1469 1174 1658 1244 gentis
1710 1174 2001 1243 patriciae.
2080 1172 2306 1229 Ebenso
2356 1173 2509 1229 Pers.
2556 1174 2601 1239 1,
2636 1174 2699 1225 61

442 1260 563 1316 Vos
600 1276 635 1316 o
669 1261 949 1331 patricius
984 1261 1233 1330 sanguis,
1270 1276 1416 1331 quos
1450 1260 1645 1316 vivere
1689 1258 1775 1315 fas
1793 1282 1796 1285 >
1815 1266 1904 1316 est
1940 1259 2175 1329 occipiti
2214 1272 2402 1325 caeco,
2444 1259 2706 1327 posticae

444 1346 724 1403 occurrite
748 1362 961 1402 sannae
985 1345 1125 1403 Stat.
1152 1346 1206 1402 S.
1234 1346 1263 1401 1
1284 1349 1337 1412 4,
1362 1347 1423 1398 91
1463 1360 1647 1415 neque
1672 1346 1823 1401 enim
1855 1343 2065 1400 husu-a
2086 1344 2224 1399 mihi
2249 1359 2427 1414 nuper
2453 1346 2536 1410 (88
2560 1359 2615 1412 p.
2637 1346 2703 1408 c.)

441 1432 658 1488 honora
690 1430 954 1488 Carmina
986 1433 1231 1502 pau-icio
1265 1432 1429 1500 pueri
1464 1431 1740 1487 sonuistis
1783 1432 1845 1486 in
1881 1436 2051 1488 ostro.
2136 1430 2252 1486 Der
2286 1429 2585 1486 Gebraucb
2629 1430 2707 1485 ist

443 1518 554 1573 wol
590 1517 842 1572 dadurch
876 1518 1227 1585 entstaudem
1264 1517 1394 1573 dass
1429 1516 1652 1572 nobiles
1686 1516 1848 1571 nicht
1881 1516 1941 1570 in
1978 1517 2089 1572 den
2125 1515 2463 1572 Hexameter
2496 1522 2703 1583 passte.

582 1603 770 1673 opibus
813 1621 933 1656 eum
967 1607 1240 1673 provocat.
1310 1604 1360 1670 6,
1395 1603 1495 1654 376
1544 1602 1836 1658 custodem
1890 1602 2028 1658 vitis
2065 1607 2123 1658 et
2157 1601 2307 1658 horti
2341 1601 2625 1657 Provocat
2672 1617 2708 1656 a

444 1688 674 1745 domina
714 1688 900 1745 factus
946 1689 1137 1760 spado.
1224 1687 1352 1745 Sen.
1387 1688 1530 1758 Epp.
1573 1689 1687 1755 120,
1727 1689 1791 1739 20
1844 1688 2104 1743 Licinum
2142 1688 2381 1753 divitiis,
2435 1686 2706 1757 Apicium

445 1775 619 1841 cenis,
671 1774 1054 1832 Maecenatem
1108 1774 1332 1831 deliciis
1382 1779 1712 1843 provocant.
1802 1771 2037 1839 Quintil.
2070 1772 2126 1828 X
2165 1777 2190 1827 1
2230 1777 2263 1837 ς
2297 1774 2363 1825 93
2409 1772 2598 1842 elegis
2637 1801 2708 1812 —

443 1859 692 1917 Graecos
714 1875 1105 1930 provocamus.
1161 1859 1301 1916 Stat.
1329 1858 1383 1915 S.
1413 1859 1473 1914 ΙΙ
1498 1861 1545 1926 7,
1573 1860 1743 1913 28-9
1778 1858 2035 1916 Athenas
2057 1888 2128 1899 —
2157 1858 2394 1914 Baetica
2425 1873 2707 1927 provocas

444 1946 698 2015 trapetis.

582 2032 662 2083 25.
734 2032 851 2087 Der
893 2031 1036 2089 Vers
1079 2031 1246 2089 kehrt
1287 2031 1499 2088 wieder
1546 2033 1625 2098 10,
1657 2032 1776 2097 226,
1824 2030 1933 2086 wie
1985 2031 2068 2098 10,
2107 2031 2296 2083 365=
2325 2031 2406 2096 14,
2441 2031 2542 2082 315
2590 2029 2709 2083 und

449 2117 652 2183 13,137
694 2116 937 2173 beinahe
973 2139 1038 2163 ===
1078 2120 1158 2184 16,
1183 2119 1266 2170 41.

579 2200 828 2258 Juvenal
860 2202 1004 2259 liebt
1038 2218 1115 2269 es,
1150 2200 1521 2272 Appcuativa
1566 2201 1685 2257 und
1719 2201 1936 2258 Numen
1983 2200 2159 2257 durch
2202 2200 2591 2259 Relativsiitze
2636 2215 2706 2256 m

446 2287 850 2344 umschreiben.
920 2286 1536 2357 Appcuativa.1,111
1575 2302 1757 2355 nuper
1803 2288 1866 2342 in
1897 2287 2043 2342 hunc
2079 2285 2271 2342 urbem
2316 2286 2561 2354 pedibus
2603 2285 2704 2355 qui

443 2379 678 2429 venerat
712 2373 857 2429 albis
895 2375 941 2440 1,
970 2375 1064 2426 151
1104 2389 1341 2444 quorum
1373 2372 1653 2428 Flaminia
1687 2372 1902 2442 tegitur
1937 2372 2084 2428 cinis
2118 2378 2290 2442 atque
2323 2372 2530 2428 Latina
2564 2373 2613 2437 3,
2638 2373 2700 2424 91

446 2457 543 2514 ille
576 2487 646 2499 —
681 2474 795 2529 quo
829 2459 1115 2514 mordetur
1148 2458 1365 2528 gallina
1396 2459 1599 2514 marito
1637 2461 1687 2525 5,
1714 2460 1812 2511 154
1849 2458 1948 2528 qui
1982 2458 2198 2526 tegitur
2232 2473 2427 2527 parma
2460 2463 2520 2514 et
2539 2456 2708 2527 galea

444 2549 810 2614 metuensque
845 2544 1058 2615 flagelli
1105 2548 1153 2612 6,
1180 2547 1281 2599 350
1315 2561 1422 2601 nec
1464 2544 1664 2601 melior
1710 2544 1930 2601 silicem
1975 2544 2220 2614 pedibus
2265 2558 2413 2614 quae
2461 2544 2707 2600 conterit

446 2636 626 2686 strum
663 2629 841 2696 Quam
876 2646 1023 2701 quae
1044 2631 1340 2701 longorum
1362 2630 1588 2687 vehitur
1612 2631 1835 2687 cervice
1860 2629 2128 2701 Syrorum
2164 2632 2213 2698 6,
2238 2629 2340 2682 489
2365 2644 2512 2699 quae
2534 2630 2706 2685 nudis

444 2715 676 2785 longum
710 2717 961 2772 ostendit
997 2717 1316 2774 cervicibus
1353 2732 1549 2772 aurum
1597 2719 1676 2784 14,
1703 2718 1803 2769 266
1828 2716 2041 2786 quique
2064 2714 2213 2771 solet
2234 2720 2450 2770 rectum
2472 2715 2705 2772 descen-

444 2802 577 2857 dero
600 2800 805 2858 funem.
864 2801 994 2872 vgl.
1023 2804 1071 2870 3,
1097 2805 1214 2856 201.
1241 2803 1370 2869 283;
1407 2804 1566 2870 4‚17;
1604 2804 1652 2868 τ,
1676 2802 1755 2853 16.
1791 2802 1869 2854 18.
1892 2803 2020 2868 243;
2056 2802 2214 2868 8,29;
2252 2801 2443 2868 9,142;
2485 2802 2704 2866 11,124;

448 2889 527 2953 14,
553 2888 670 2941 252.
748 2887 1260 2945 Personennamcn:
1316 2892 1365 2955 3,
1403 2888 1503 2940 139
1550 2888 1650 2957 qui
1700 2887 1951 2942 servavit
1997 2886 2276 2956 trepidam
2323 2884 2585 2955 flagranti
2633 2900 2705 2941 ex

444 2974 585 3030 sede
618 2972 927 3029 Minervam
961 2976 1011 3040 6,
1032 2976 1063 3027 8
1086 2974 1198 3030 tibi
1221 2974 1386 3030 cuius
1408 2972 1688 3029 Turbavit
1720 2973 1936 3028 nitidos
1973 2973 2289 3028 exstinctus
2322 2985 2521 3040 passer
2556 2971 2705 3027 ocel-

442 3059 530 3115 los
578 3061 627 3126 8,
652 3061 755 3113 265
790 3075 937 3130 quae
971 3059 1204 3129 Imperii
1251 3058 1392 3115 fines
1431 3058 1764 3116 Tiberinum
1796 3058 1962 3127 virgo
2004 3058 2229 3114 natavit
2283 3058 2362 3123 10,
2389 3058 2453 3107 77
2492 3055 2565 3110 ad
2601 3071 2707 3111 sus

443 3146 543 3214 qui
579 3145 824 3201 domitos
860 3144 1099 3200 deduxit
1131 3144 1309 3215 flagra
1342 3143 1594 3209 Quirites
1633 3145 1713 3210 10,
1745 3145 1838 3195 127
1865 3158 2033 3214 quem
2065 3143 2411 3199 mirabantur
2445 3139 2706 3198 Athenae

446 3232 525 3297 10,
552 3232 652 3283 257
689 3230 852 3297 alius,
889 3230 985 3285 cui
1019 3229 1106 3285 fas
1140 3230 1395 3286 Ithacum
1429 3229 1624 3298 lugere
1658 3235 1946 3286 natantem
1984 3230 2064 3296 16,
2089 3231 2121 3281 6
2148 3235 2208 3284 et
2230 3226 2421 3283 Samia
2443 3225 2704 3296 genetrix

442 3331 589 3384 quae
624 3316 939 3373 delectatur
972 3316 1195 3372 harena.
1267 3316 1620 3374 Ortsnamen:
1659 3318 1707 3382 3,
1732 3316 1798 3367 25
1836 3313 1972 3369 illuc
2007 3313 2100 3370 Ire
2132 3312 2403 3383 fatigatas
2426 3312 2526 3369 ubi
2551 3312 2702 3367 Dee-

443 3401 606 3458 dslus
654 3404 815 3459 exuit
862 3402 983 3458 ales
1028 3404 1077 3468 4,
1103 3404 1168 3455 60
1205 3402 1304 3457 ubi
1348 3408 1539 3458 servat
1585 3401 1783 3471 Ignem
1825 3399 2135 3455 Troianum
2183 3405 2242 3457 et
2287 3397 2520 3454 Vestam
2565 3396 2708 3453 colit

441 3485 594 3543 Alba
635 3488 908 3544 minorem
983 3490 1032 3555 6,
1060 3489 1159 3540 159
1208 3487 1514 3544 observant
1559 3485 1660 3542 ubi
1708 3484 1855 3542 fests.
1889 3500 2042 3541 mero
2088 3485 2236 3555 pede
2272 3483 2511 3540 sabbata
2543 3497 2706 3553 reges

443 3575 491 3638 6,
518 3574 620 3627 339
658 3572 798 3629 illuc
832 3572 1085 3630 testiculi
1126 3572 1239 3629 sibi
1277 3572 1542 3628 conscius
1576 3572 1728 3628 unde
1774 3570 1925 3642 fugit
1957 3586 2081 3626 mus
2134 3574 2212 3637 10,
2240 3572 2336 3623 194
2374 3567 2706 3626 umbriferos

441 3658 541 3714 ubi
575 3659 780 3728 pandit
811 3658 1107 3715 Thabraca
1139 3659 1319 3715 saltus
1369 3660 1449 3726 12,
1475 3660 1541 3710 72
1579 3657 1838 3714 sublimis
1874 3672 2037 3726 apex,
2080 3658 2174 3712 cui
2210 3656 2457 3711 candida
2501 3668 2706 3710 nomen

442 3743 641 3800 Scrofa
670 3744 832 3800 dedit
869 3747 949 3811 15,
975 3748 1006 3796 5
1043 3745 1283 3801 dimidio
1320 3744 1577 3815 magicae
1610 3749 1880 3799 resonant
1912 3742 2013 3798 ubi
2048 3742 2341 3798 Memnone
2377 3740 2635 3795 chordae.

578 3829 826 3886 Juvenal
859 3830 1075 3900 spricht
1110 3847 1223 3886 von
1258 3830 1444 3887 seiner
1479 3830 1749 3885 iuventus
1792 3828 1878 3884 als
1926 3843 2042 3883 von
2089 3828 2245 3883 einer
2289 3839 2703 3896 vergsngenen,

442 3916 554 3984 vgl.
590 3915 736 3972 Einl.
775 3915 829 3972 S.
855 3918 902 3968 6.
972 3917 1049 3972 Ει·
1084 3917 1229 3972 wird
1264 3917 1529 3973 darunter
1564 3915 1907 3984 wenigstens
1941 3911 2216 3983 ungefsihr
2252 3909 2508 3968 dasselbe
2543 3908 2706 3966 Alter

446 4002 783 4058 verstanden
816 4001 1016 4071 haben,
1052 4002 1162 4058 wie
1197 4001 1378 4057 Varro
1413 4002 1508 4058 bei
1543 3999 1888 4056 Censorinus
1923 3999 2012 4055 De
2037 3999 2131 4055 die
2154 3998 2332 4053 natali
2368 4012 2415 4051 c.
2445 3997 2525 4062 14,
2558 3994 2704 4050 nach

444 4087 709 4144 welchem
761 4088 987 4144 iuvenis
1031 4088 1129 4145 der
1176 4087 1456 4143 zwischen
1501 4088 1568 4139 20
1614 4086 1734 4141 und
1775 4087 1842 4139 45
1879 4083 2162 4142 Stehende
2197 4098 2328 4138 war.
2398 4081 2528 4136 Man
2574 4086 2707 4149 trug

445 4174 614 4229 einen
662 4174 910 4239 (zierlicb
956 4178 1294 4244 gestutzten)
1338 4173 1476 4228 Bart
1519 4172 1612 4229 bis
1657 4188 1783 4227 zum
1828 4170 1992 4228 Alter
2034 4186 2151 4225 von
2194 4173 2341 4224 etwa
2374 4170 2440 4220 40
2474 4166 2514 4222 J
2517 4165 2703 4232 alu-en,

445 4258 595 4314 dsnn
633 4259 836 4315 rasirte
869 4275 1000 4315 man
1036 4259 1132 4315 ibn
1168 4260 1255 4317 ab.
1328 4259 1436 4314 Prl.
1464 4260 1581 4324 600,
1608 4259 1640 4309 9
1677 4257 1796 4312 und
1830 4273 1900 4312 zu
1934 4258 1984 4325 6,
2013 4257 2110 4308 105
2146 4255 2265 4311 und
2300 4256 2416 4306 214.

585 4344 767 4415 pravis
788 4375 859 4384 -
879 4344 1015 4398 milui
1047 4345 1211 4399 barba
1244 4345 1476 4400 sonabat.
1535 4342 1665 4398 Han
1691 4341 1901 4399 erkliirt
1934 4343 2125 4413 gravis
2160 4338 2362 4411 ‘lastiffi
2398 4338 2706 4396 besebwer-
