3334 5075
651 376 776 439 392
1449 373 1738 429 Iuvenalis
1774 380 2087 429 saturarum

663 551 779 608 185
829 550 1168 628 conponat,
1219 545 1439 610 veniet
1482 546 1593 626 qui
1639 544 2076 630 pulmentaria
2119 543 2351 610 condit.

822 655 943 721 hos
984 657 1152 722 inter
1195 662 1487 740 sumptus
1532 657 1834 722 sestertia
1877 654 2294 737 Quintiliano,

821 775 893 834 ut
934 766 1222 849 multum,
1273 767 1402 833 duo
1445 765 1799 846 sufficicnt3
1847 785 1956 832 rcs
1998 760 2195 832 nulla'
2222 768 2493 833 minoris

821 879 1142 946 constabit
1183 880 1354 963 patri
1402 898 1596 961 quam
1638 879 1830 944 filius.
1920 873 2116 944 ‘unde
2159 879 2361 963 igitur
2401 886 2498 946 tot

820 988 1263 1069 Quintilianus
1305 989 1508 1056 habet
1549 983 1842 1056 saltus?’
1927 991 2228 1075 exempla
2272 1010 2583 1057 novorum

661 1110 775 1166 190
824 1101 1100 1168 satorum
1144 1102 1380 1168 transi:
1436 1101 1592 1167 felix
1639 1109 1705 1168 et
1746 1102 1972 1189 pulcer
2017 1109 2082 1168 et
2124 1120 2295 1184 acer,

817 1213 980 1280 felix
1025 1219 1092 1279 et
1134 1214 1397 1296 sapiens
1444 1220 1510 1279 et
1551 1213 1790 1279 nobilis
1838 1219 1904 1279 et
1945 1232 2324 1298 generosus,

820 1324 1185 1409 adpositam
1231 1326 1458 1409 nigrae
1501 1324 1721 1390 lunam
1769 1326 2050 1391 subtexit
2092 1325 2343 1404 alutae3

820 1435 982 1502 felix
1027 1443 1241 1502 orator
1286 1456 1545 1519 quoque
1587 1438 1910 1503 maximus
1956 1444 2023 1502 et
2064 1438 2398 1519 iaculator,

859 1704 969 1754 185.
1042 1702 1243 1757 condit
1280 1703 1373 1755 Pu»
1408 1703 1642 1758 condiat
1665 1703 1973 1756 Lachmann
1999 1703 2212 1756 Luc-ret.
2231 1721 2291 1772 p.
2322 1709 2422 1756 192
2445 1706 2630 1756 contra
2656 1701 2914 1755 LMauer

647 1789 790 1840 Rm.
859 1828 870 1839 .
1002 1828 1014 1840 .

810 1795 1124 1927 Ρ182ιί6185.
1197 1876 1358 1930 venit
1405 1875 1502 1943 qui
1553 1873 1589 1928 f.
1629 1873 1681 1928 d.
1720 1874 2027 1944 componit,
2076 1874 2236 1930 venit
2271 1875 2370 1943 qui
2407 1880 2512 1929 etc.
2554 1873 2787 1944 Stephon
2826 1874 2912 1926 De

649 1959 792 2013 Piae.
820 1960 879 2013 in
902 1961 1024 2013 Iuv.
1053 1961 1222 2013 Senot.
1240 1978 1300 2029 p.
1333 1969 1410 2015 75.

855 2048 967 2099 192.
1043 2047 1327 2100 damnarat
1363 2047 1524 2099 Jahn.

857 2295 1037 2349 19oss.
1110 2294 1304 2350 Horat.
1332 2295 1385 2350 S.
1414 2294 1443 2349 1
1470 2298 1516 2361 3,
1546 2297 1643 2347 124
1678 2295 1728 2349 si
1755 2294 1917 2349 dives
1942 2296 2039 2364 qui
2067 2296 2297 2364 sapiens
2319 2298 2422 2358 est,
2448 2293 2524 2348 Et
2545 2300 2702 2350 sutor
2726 2293 2912 2349 bonus

648 2388 707 2437 et
742 2381 898 2437 solus
933 2379 1208 2435 formosus
1245 2386 1305 2435 et
1340 2387 1428 2436 est
1459 2395 1559 2436 rex
1595 2385 1702 2435 etc.

855 2468 968 2517 192.
1040 2463 1254 2521 Auson.
1282 2465 1439 2531 1114,
1467 2467 1531 2517 30
1567 2464 1743 2522 fallax
1778 2466 2051 2522 scuticam
2086 2466 2371 2535 praetexit
2405 2465 2576 2521 aluta.

786 2718 894 2766 185.
968 2715 1067 2784 qui
1088 2713 1456 2784 pulmentaria
1481 2715 1672 2768 condit.
1748 2715 1943 2785 Haupt
1965 2713 2105 2786 opp.
2134 2715 2192 2769 11
2219 2717 2285 2767 32
2311 2737 2373 2760 Β
2401 2713 2559 2770 GGL.
2586 2715 2675 2768 111
2702 2717 2817 2780 285,
2844 2717 2909 2766 62

645 2802 1129 2856 (Hermeneumata
1164 2800 1674 2869 Montepessulana)
1713 2818 1765 2856 u.
1805 2803 1921 2868 656,
1954 2804 2008 2852 11
2052 2807 2112 2855 et
2133 2816 2275 2855 coco
2300 2801 2409 2866 dic,
2445 2808 2512 2855 ut
2532 2801 2912 2869 pulmentaria
2939 2872 2945 2878 ¹

642 2888 788 2943 bene
827 2886 1062 2941 condiat
1100 2885 1197 2950 (ἵνα
1231 2887 1295 2939 τὰ
1329 2887 1621 2958 προσφάγια
1654 2887 1829 2946 καλῶς
1865 2886 2088 2958 ἀρτύσῃ).
2141 2886 2298 2943 CGL.
2336 2886 2427 2941 111
2463 2887 2579 2953 650,
2607 2889 2640 2938 9
2676 2885 2907 2956 (Colloq.

641 2973 876 3038 Monac.)
914 2971 1054 3042 ἆρον,
1093 2971 1284 3043 {Qum
1321 2971 1578 3043 ἐπιμελῶς
1614 2972 1679 3025 τὰ
1714 2973 2016 3044 προσφάγια.
2066 2972 2271 3043 ἄρτυσις
2295 2972 2433 3041 καλὴ
2458 2971 2699 3044 γενέσθω.
2743 2972 2907 3028 Tolle

643 3075 824 3129 coque
863 3059 1167 3129 diligenter
1201 3058 1593 3126 pulmentaria,
1632 3060 1936 3114 conditura
1968 3059 2120 3114 bona
2154 3058 2269 3113 fiat.
2327 3058 2650 3114 Lachmann
2683 3059 2904 3115 Lucret.

641 3145 730 3198 III
756 3148 856 3196 917
893 3144 1012 3199 will
1046 3159 1246 3212 wegen
1282 3144 1383 3199 des
1418 3144 1920 3213 vorausgehenden
1956 3151 2263 3215 componat
2295 3145 2532 3200 condiat
2564 3145 2745 3211 lesen,
2793 3161 2908 3201 was

641 3230 915 3285 Biicheler
950 3230 1056 3284 Rh.
1093 3230 1163 3284 M.
1202 3229 1423 3284 XXXV
1460 3233 1558 3280 393
1606 3231 1714 3284 mit
1755 3229 1943 3285 Recht
1985 3229 2389 3286 zuriickweist:
2438 3232 2620 3300 magis
2668 3232 2909 3287 cavebat

640 3317 761 3372 Iuv.
810 3330 1036 3370 versum
1083 3331 1249 3384 quam
1294 3328 1604 3370 sermonem
1646 3330 1722 3370 ne
1765 3323 2171 3385 corrumperet,
2222 3316 2564 3385 depravatae
2601 3316 2907 3372 latinitatis

639 3402 883 3471 plurima
918 3406 1050 3455 sunt
1084 3401 1347 3470 vestigia,
1386 3401 1539 3457 modi
1578 3417 1644 3456 ac
1682 3408 1937 3470 tempora
1969 3403 2269 3459 verborum
2302 3404 2468 3458 metri
2505 3401 2906 3458 commoditate

639 3488 1062 3556 dispensantur,
1117 3484 1446 3541 facillimum
1500 3487 1727 3555 quidem
1781 3487 1881 3543 illo
1934 3487 2064 3543 loco
2118 3494 2206 3545 est
2251 3505 2426 3544 curva
2468 3489 2552 3544 sic
2597 3489 2904 3557 corrigere:

637 3575 834 3628 veniet
857 3573 955 3641 qui
981 3570 1197 3646 t'ercula
1219 3571 1388 3626 docte
1410 3574 1718 3641 componit,
1741 3579 1961 3629 restant
1982 3581 2172 3630 tamen
2196 3575 2515 3644 aequalium
2534 3575 2904 3631 membrorum

641 3660 698 3712 in
735 3658 895 3713 verbi
933 3658 1102 3712 modo
1139 3658 1535 3715 dissidentium
1573 3660 1829 3730 exempla
1866 3660 2169 3730 complura.
2240 3661 2386 3716 Einl.
2426 3660 2479 3716 S.
2515 3663 2595 3713 56.

778 3746 891 3796 186.
968 3743 1319 3805 Quintiliana.
1394 3746 1474 3800 Zu
1511 3748 1559 3813 6,
1587 3749 1667 3797 75.

781 3831 892 3882 187.
965 3833 1026 3882 ut
1059 3831 1297 3898 multum,
1336 3832 1445 3885 wie
1479 3831 1639 3885 Mart.
1665 3831 1722 3885 X
1750 3834 1827 3898 11,
1848 3834 1879 3883 6
1908 3837 1974 3897 (u.
2006 3831 2147 3887 XIV
2172 3835 2254 3900 97,
2280 3836 2310 3884 2
2347 3841 2412 3889 ut
2447 3832 2749 3897 minimum„
2790 3831 2905 3886 und

637 3917 865 3972 Hieron.
904 3916 1046 3985 Epp.
1092 3919 1202 3984 133,
1233 3920 1293 3968 13
1333 3934 1504 3972 unum
1542 3922 1656 3984 aut,
1695 3923 1760 3972 ut
1794 3920 2043 3984 multum,
2080 3925 2196 3975 tres
2230 3919 2616 3974 homunculos.

777 4005 889 4055 190.
963 4003 1149 4056 transi.
1224 4003 1304 4058 Zu
1341 4006 1513 4072 3,114
1553 4005 1743 4068 (transi
1782 4003 2121 4074 Gymnasia).

776 4091 888 4142 192.
961 4089 1072 4144 Die
1110 4088 1548 4158 elfenbeinerne,
1584 4106 1656 4144 an
1695 4091 1804 4146 den
1831 4089 2016 4146 Schuh
2050 4090 2367 4159 angeniihte
2392 4093 2522 4144 luna
2545 4090 2680 4145 oder
2708 4089 2907 4145 lunula

639 4176 836 4240 (Schol.
886 4175 1092 4231 adsuta
1139 4175 1362 4239 calceis)
1412 4177 1645 4246 gehorte
1696 4194 1819 4232 zum
1865 4177 2090 4232 calceus
2136 4177 2415 4245 patricius
2464 4176 2754 4242 (malleus),
2806 4174 2905 4230 der

635 4262 811 4317 schon
849 4263 909 4315 in
933 4260 1123 4318 Cato‘s
1148 4263 1273 4317 Zeit
1308 4263 1403 4317 ein
1443 4262 1665 4331 insigne
1704 4263 1802 4318 der
1837 4278 2053 4333 ganzen
2078 4261 2361 4319 Nobilitat
2395 4278 2511 4318 war
2533 4262 2652 4317 und
2674 4275 2735 4318 es
2761 4260 2905 4315 auch

636 4349 697 4402 in
734 4349 832 4404 der
867 4347 1188 4405 Kaiserzeit
1221 4347 1391 4404 blieb.
1464 4348 1571 4403 Prl.
1611 4351 1899 4401 589—592.
