3334 5075
680 366 804 428 366
1496 361 1786 417 Iuvenalis
1822 368 2137 418 saturarum

850 537 1156 621 respexit,
1205 555 1349 601 cum
1393 535 1526 600 iam
1571 535 1862 601 celebres
1906 536 2173 617 notique
2217 540 2451 619 poetae

850 647 1221 714 balneolum
1267 646 1515 729 Gabiis,
1563 648 1810 712 Romae
1854 645 2218 713 conducere
2263 645 2487 712 furnos

770 768 804 822 5
849 767 1260 844 temptarent,
1310 778 1433 824 nec
1476 757 1742 825 foedum
1788 759 1900 825 alii
1945 778 2068 824 nec
2110 765 2299 843 turpe
2342 764 2650 841 putarent

849 890 1207 957 praecones
1251 871 1408 952 fieri,
1458 890 1603 936 cum
1648 869 1929 936 desertis
1971 870 2352 955 Aganippes

851 984 1133 1050 vallibus
1179 984 1476 1049 esuriens
1520 984 1831 1067 migraret
1872 984 1943 1048 in
1988 985 2155 1049 atria
2199 983 2362 1049 Clio.

852 1116 1003 1162 nam
1049 1097 1105 1162 si
1151 1096 1373 1160 Pieria
1417 1094 1750 1177 quadrans
1795 1095 1916 1160 tibi
1960 1095 2178 1159 nullus
2223 1096 2293 1159 in
2337 1094 2567 1160 umbra

853 1205 1251 1289 ostendatur,
1300 1225 1481 1272 ames
1523 1226 1761 1283 nomen
1806 1207 2179 1290 victumque
2221 1206 2611 1272 Machaerae

736 1328 810 1384 10
860 1326 924 1385 et
967 1319 1218 1385 vendas
1263 1320 1497 1402 potius,
1547 1320 1894 1384 commissa
1938 1318 2114 1400 quod
2157 1319 2372 1384 auctio
2418 1317 2645 1384 vendit

851 1432 1190 1511 stantibus,
1239 1430 1688 1515 oenophorum
1730 1429 2023 1514 tripedes
2068 1431 2352 1495 armaria
2395 1431 2593 1496 cistas

851 1543 1190 1609 Alcithoen
1236 1543 1449 1624 Pacci,
1498 1542 1763 1608 Thebas
1810 1549 1874 1608 et
1918 1543 2134 1607 Terea
2176 1542 2422 1608 Fausti.

885 1695 1017 1752 VII.
1056 1698 1104 1748 8.
1177 1697 1374 1753 umbra
1411 1698 1465 1751 P
1494 1696 1685 1750 deinde
1719 1701 2054 1766 expunctum,
2092 1697 2425 1766 adscriptum
2458 1696 2550 1751 vel
2587 1711 2734 1750 arca.

889 1786 971 1837 10.
1042 1783 1344 1849 stantibus]
1381 1787 1644 1838 sextante
1681 1782 1982 1836 Francken.

890 1870 970 1921 12.
1042 1867 1368 1935 Alcithoen]
1438 1867 1748 1924 Alcitheon
1804 1869 1858 1923 P
1888 1869 2176 1922 Buchelerss
2239 1867 2332 1924 vel
2385 1866 2713 1924 Alchinoen
2768 1886 2952 1939 mas-qo

679 1955 986 2012 Alcithoen
1021 1956 1107 2008 val
1137 1955 1476 2012 Alchionem
1514 1976 1558 2018 ς.

679 2048 796 2056 ³-
883 2080 933 2128 4.
1006 2076 1203 2131 Horat.
1229 2076 1374 2143 Epp.
1400 2076 1430 2129 I
1462 2077 1539 2141 11,
1570 2078 1633 2128 13
1670 2074 1864 2131 furnos
1902 2083 1962 2132 et
1994 2075 2202 2132 balnea
2235 2080 2425 2130 unten.

888 2164 935 2213 8.
1006 2160 1247 2216 Martial.
1273 2162 1359 2215 IX
1385 2162 1466 2227 85,
1494 2164 1524 2212 3
1567 2161 1709 2216 haec
1745 2178 1854 2231 ego
1888 2162 2080 2218 Pieria
2111 2160 2413 2216 laudabam
2448 2166 2608 2216 tutus
2646 2162 2707 2214 in
2741 2160 2952 2216 umbra.

681 2248 766 2303 Id.
793 2248 854 2302 ΙΙ
879 2250 961 2313 44,
989 2249 1020 2298 9
1058 2252 1118 2301 et
1153 2248 1440 2316 quadrans
1477 2247 1613 2302 mihi
1649 2247 1841 2303 nullus
1875 2253 1966 2303 est
1999 2248 2060 2303 in
2096 2264 2242 2302 arca.

821 2372 866 2420 3.
937 2366 1184 2437 respexit.
1258 2367 1475 2422 Seneca
1497 2366 1744 2437 Tranqu.
1779 2385 1866 2423 an.
1895 2369 1941 2433 8,
1970 2371 1999 2420 2
2037 2369 2306 2424 laetiores
2338 2366 2579 2433 videbis,
2617 2383 2762 2436 quos
2796 2383 2955 2422 num-

680 2471 848 2524 quam
883 2452 1114 2508 fortuna
1147 2454 1415 2522 respexit,
1452 2469 1620 2522 quam
1657 2470 1802 2523 quos
1838 2454 2104 2510 deseruit.

818 2544 867 2593 4.
937 2539 1066 2609 Vgl.
1107 2543 1154 2606 3,
1190 2543 1410 2591 31—38.
1481 2540 1614 2594 Hor.
1661 2541 1804 2608 Epp.
1844 2541 1871 2594 I
1908 2544 1989 2607 11,
2030 2543 2093 2592 13
2141 2539 2337 2596 furnos
2386 2545 2446 2596 et
2488 2540 2694 2596 balnea
2738 2539 2953 2596 laudat

681 2626 856 2684 Gabii
887 2626 1338 2694 beispielsweise
1373 2624 1464 2680 fiir
1500 2626 1628 2682 eine
1665 2624 2054 2681 dorfahnliche
2076 2625 2406 2682 Kleinstadt
2427 2626 2537 2682 wie
2562 2629 2755 2694 3,192;
2794 2628 2842 2692 6,
2864 2629 2955 2692 56;

685 2716 765 2779 10,
795 2716 907 2764 100.
968 2710 1075 2768 Als
1113 2713 1281 2768 einen
1317 2726 1517 2782 wegen
1552 2712 1739 2768 seiner
1770 2713 1953 2768 Biider
1986 2711 2297 2768 besuchten
2322 2711 2422 2766 Ort
2456 2718 2635 2767 nennt
2669 2728 2731 2769 es
2757 2712 2953 2768 Horat.

678 2800 824 2867 Epp.
851 2800 878 2853 1
909 2802 988 2864 15,
1016 2802 1046 2850 8
1065 2799 1120 2852 ff.

819 2889 866 2937 6.
935 2902 1241 2954 praecones.
1314 2885 1395 2939 Zu
1432 2887 1480 2949 3,
1507 2887 1588 2936 33.

822 2973 868 3023 7.
937 2969 1082 3024 atria
1115 2969 1603 3026 Auctionslocale.
1676 2969 1793 3025 Cic.
1831 2971 1966 3041 Leg.
2004 2985 2120 3040 agr.
2146 2971 2176 3024 I
2212 2975 2243 3035 g
2271 2973 2299 3022 7
2337 2976 2404 3026 ut
2440 2971 2499 3025 in
2537 2971 2700 3027 atriis
2737 2972 2958 3027 auctio-

680 3058 873 3113 nariis.
911 3058 996 3112 Id.
1033 3075 1087 3126 p.
1128 3057 1354 3122 Quinct„
1393 3061 1424 3120 ξ
1454 3060 1515 3109 12
1565 3057 1637 3113 ab
1686 3058 1849 3113 atriis
1885 3057 2128 3113 Liciniis
2164 3062 2335 3126 atque
2371 3074 2405 3113 a
2440 3073 2786 3127 praeconum
2822 3073 2957 3113 con·

681 3159 857 3199 sessu.
895 3143 964 3199 cf.
1004 3144 1077 3200 ib.
1115 3148 1147 3208 ξ
1173 3147 1254 3195 25.
1311 3143 1483 3198 Orelli
1523 3146 1655 3194 3439
1684 3167 1747 3187 --
1774 3142 1910 3197 CIL.
1949 3143 2033 3197 IX
2060 3145 2192 3194 3307
2234 3143 2691 3213 (Superaequum)
2727 3145 2847 3200 NN.
2885 3159 2959 3200 ex

679 3235 1022 3285 testamento
1074 3230 1278 3286 atrium
1317 3229 1735 3284 auctionarium
1769 3228 1894 3284 fieri
1929 3235 1989 3284 et
2021 3230 2362 3284 Mercurium
2397 3235 2699 3299 augustum
2735 3246 2958 3286 sacrum

679 3316 820 3386 poni
859 3317 1042 3371 iussit.

829 3400 945 3454 Clio
993 3401 1077 3456 als
1112 3400 1314 3457 Gettin
1351 3401 1452 3457 der
1486 3399 1812 3456 musischen
1844 3399 2181 3470 Thiitigkeit
2214 3402 2555 3472 libel-haupt,
2604 3403 2765 3458 nicht
2799 3403 2958 3458 einer

685 3486 981 3541 einzelnen
1017 3485 1273 3556 Gattung
1309 3486 1622 3552 derselben,
1660 3487 1771 3541 wie
1809 3489 1872 3539 35
1909 3486 2298 3556 Terpsichore.

822 3573 868 3622 8.
945 3571 1134 3625 Pieria
1165 3601 1235 3610 —
1272 3572 1331 3624 in
1366 3572 1567 3626 umbra.
1624 3575 1690 3624 59
1727 3579 1957 3629 cantare
1994 3574 2099 3629 sub
2137 3579 2300 3629 antro
2335 3574 2543 3630 Pierio.

822 3661 870 3709 9.
939 3658 1278 3711 Machaerae.
1326 3658 1439 3712 Ein
1464 3659 1608 3714 ohne
1634 3657 1864 3715 Zweifel
1889 3659 2109 3715 damals
2136 3661 2197 3714 in
2220 3660 2367 3715 Rom
2390 3658 2709 3715 bekannter
2730 3675 2958 3728 praeco.

826 3745 905 3794 10.
979 3741 1254 3796 conmissa
1286 3774 1356 3782 —
1392 3744 1601 3797 auctio:
1657 3745 1752 3800 die
1798 3745 1887 3799 dir
1942 3761 2055 3800 von
2105 3746 2231 3801 dem
2280 3745 2745 3802 Geschiiftsherrn
2794 3744 2959 3800 iiber·

684 3834 920 3898 tragene
956 3826 1225 3883 Auction.
1299 3831 1380 3883 Zu
1417 3832 1464 3897 6,
1493 3833 1607 3881 255.

827 3917 907 3967 11.
979 3914 1347 3983 oenophorum.
1417 3914 1585 3971 Auch
1622 3920 1671 3982 6,
1698 3920 1814 3968 426.
1860 3917 1967 3972 Ρι·1.
1995 3919 2112 3983 650,
2138 3921 2168 3968 3
2215 3914 2343 3973 ‘wel
2392 3918 2488 3974 ein
2525 3916 2957 3988 Henkelgefiiss,

687 4003 789 4057 das
824 4016 954 4055 man
990 3999 1302 4067 umkehrte,
1339 4017 1432 4056 um
1470 4018 1531 4058 es
1565 4019 1711 4072 ganz
1747 3999 2184 4073 auszugiessen?

826 4089 906 4139 12.
979 4086 1088 4141 Zur
1124 4086 1573 4158 Versteigerung
1621 4089 1883 4145 kommen
1927 4090 2071 4146 auch
2116 4090 2350 4145 Bucher.
2421 4090 2733 4147 Vielleicht
2766 4091 2961 4147 wollte

684 4174 934 4229 Juvenal
981 4188 1187 4242 sagen,
1236 4174 1369 4228 dass
1417 4174 1511 4228 die
1559 4174 1683 4231 hier
1727 4182 2051 4246 genannten
2085 4175 2413 4245 Tragssdien
2448 4193 2519 4231 zu
2555 4177 2667 4231 den
2702 4177 2962 4232 Buchern

685 4259 952 4329 gehoren,
990 4260 1085 4315 die
1122 4258 1217 4314 die
1241 4260 1494 4315 Besitzer
1529 4260 1915 4318 loszuwerden
1950 4261 2271 4317 wiinschen.
2332 4262 2516 4318 Schol.
2542 4264 2774 4318 nomina
2796 4261 2960 4319 fabu-

686 4346 882 4412 larum,
920 4350 978 4401 et
1010 4344 1284 4399 malorum
1319 4349 1637 4418 poetarum,
1670 4349 1769 4416 qui
1804 4348 1907 4404 has
1942 4346 2162 4404 fabulas
2198 4349 2561 4418 scripserunt.
