<?xml version="1.0" encoding="UTF-8"?>
<!DOCTYPE html PUBLIC "-//W3C//DTD XHTML 1.0 Transitional//EN"
    "http://www.w3.org/TR/xhtml1/DTD/xhtml1-transitional.dtd">
<html xmlns="http://www.w3.org/1999/xhtml" xml:lang="en" lang="en">
 <head>
  <title>
</title>
<meta http-equiv="Content-Type" content="text/html;charset=utf-8" />
  <meta name='ocr-system' content='tesseract 3.04.00' />
  <meta name='ocr-capabilities' content='ocr_page ocr_carea ocr_par ocr_line ocrx_word'/>
</head>
<body>
  <div class='ocr_page' id='page_1' title='image "./djuniijuvenalis01unkngoog_0532.png"; bbox 0 0 3334 5075; ppageno 0'>
   <div class='ocr_carea' id='block_1_1' title="bbox 680 128 2140 194">
    <p class='ocr_par' dir='ltr' id='par_1_1' title="bbox 680 128 2140 194">
     <span class='ocr_line' id='line_1_1' title="bbox 680 128 2140 194; baseline -0.008 0"><span class='ocrx_word' id='word_1_1' title='bbox 680 131 806 194; x_wconf 84' lang='lat'><strong>522</strong></span> <span class='ocrx_word' id='word_1_2' title='bbox 1496 128 1790 186; x_wconf 87' lang='lat' dir='ltr'><strong>Iuvenalis</strong></span> <span class='ocrx_word' id='word_1_3' title='bbox 1823 135 2140 185; x_wconf 79' lang='lat' dir='ltr'><strong>saturarum</strong></span> 
     </span>
    </p>
   </div>
   <div class='ocr_carea' id='block_1_2' title="bbox 679 300 2826 2175">
    <p class='ocr_par' dir='ltr' id='par_1_2' title="bbox 850 300 2452 499">
     <span class='ocr_line' id='line_1_2' title="bbox 855 300 2452 369; baseline 0.001 -2"><span class='ocrx_word' id='word_1_4' title='bbox 855 308 919 367; x_wconf 87' lang='lat' dir='ltr'><strong>et</strong></span> <span class='ocrx_word' id='word_1_5' title='bbox 963 301 1156 369; x_wconf 87' lang='lat' dir='ltr'><strong>cadat</strong></span> <span class='ocrx_word' id='word_1_6' title='bbox 1200 310 1352 369; x_wconf 86' lang='lat' dir='ltr'><strong>ante</strong></span> <span class='ocrx_word' id='word_1_7' title='bbox 1396 302 1601 368; x_wconf 81' lang='lat' dir='ltr'><strong>Lares</strong></span> <span class='ocrx_word' id='word_1_8' title='bbox 1646 300 1962 368; x_wconf 76' lang='lat' dir='ltr'><strong>Gallittae</strong></span> <span class='ocrx_word' id='word_1_9' title='bbox 2003 302 2268 368; x_wconf 90' lang='lat' dir='ltr'><strong>victima</strong></span> <span class='ocrx_word' id='word_1_10' title='bbox 2308 302 2452 368; x_wconf 89' lang='lat' dir='ltr'><strong>sola</strong></span> 
     </span>
     <span class='ocr_line' id='line_1_3' title="bbox 850 413 2373 499; baseline 0.001 -22"><span class='ocrx_word' id='word_1_11' title='bbox 850 414 1050 479; x_wconf 86' lang='lat' dir='ltr'><strong>tantis</strong></span> <span class='ocrx_word' id='word_1_12' title='bbox 1094 414 1297 499; x_wconf 89' lang='lat' dir='ltr'><strong>digna</strong></span> <span class='ocrx_word' id='word_1_13' title='bbox 1340 413 1482 479; x_wconf 91' lang='lat' dir='ltr'><strong>deis</strong></span> <span class='ocrx_word' id='word_1_14' title='bbox 1528 419 1596 480; x_wconf 88' lang='lat' dir='ltr'><strong>et</strong></span> <span class='ocrx_word' id='word_1_15' title='bbox 1639 414 2080 498; x_wconf 75' lang='lat' dir='ltr'><strong>captatoribus</strong></span> <span class='ocrx_word' id='word_1_16' title='bbox 2125 413 2373 479; x_wconf 89' lang='lat' dir='ltr'><strong>horum.</strong></span> 
     </span>
    </p>

    <p class='ocr_par' dir='ltr' id='par_1_3' title="bbox 689 524 2826 1055">
     <span class='ocr_line' id='line_1_4' title="bbox 689 524 2392 607; baseline 0.002 -20"><span class='ocrx_word' id='word_1_17' title='bbox 689 532 803 588; x_wconf 90' lang='lat'><strong>115</strong></span> <span class='ocrx_word' id='word_1_18' title='bbox 852 524 1021 590; x_wconf 91' lang='lat' dir='ltr'><strong>alter</strong></span> <span class='ocrx_word' id='word_1_19' title='bbox 1069 527 1257 607; x_wconf 88' lang='lat' dir='ltr'><strong>enim,</strong></span> <span class='ocrx_word' id='word_1_20' title='bbox 1306 525 1365 590; x_wconf 88' lang='lat' dir='ltr'><strong>si</strong></span> <span class='ocrx_word' id='word_1_21' title='bbox 1409 524 1748 606; x_wconf 87' lang='lat' dir='ltr'><strong>concedas,</strong></span> <span class='ocrx_word' id='word_1_22' title='bbox 1795 532 2082 591; x_wconf 87' lang='lat' dir='ltr'><strong>mactare</strong></span> <span class='ocrx_word' id='word_1_23' title='bbox 2126 524 2392 592; x_wconf 80' lang='lat' dir='ltr'><strong>vovebit</strong></span> 
     </span>
     <span class='ocr_line' id='line_1_5' title="bbox 850 635 2826 721; baseline 0.002 -20"><span class='ocrx_word' id='word_1_24' title='bbox 850 635 932 701; x_wconf 92' lang='lat' dir='ltr'><strong>de</strong></span> <span class='ocrx_word' id='word_1_25' title='bbox 977 656 1181 721; x_wconf 83' lang='lat' dir='ltr'><strong>grege</strong></span> <span class='ocrx_word' id='word_1_26' title='bbox 1227 655 1557 702; x_wconf 90' lang='lat' dir='ltr'><strong>servorum</strong></span> <span class='ocrx_word' id='word_1_27' title='bbox 1602 656 1843 721; x_wconf 87' lang='lat' dir='ltr'><strong>magna</strong></span> <span class='ocrx_word' id='word_1_28' title='bbox 1888 643 2002 702; x_wconf 87' lang='lat' dir='ltr'><strong>aut</strong></span> <span class='ocrx_word' id='word_1_29' title='bbox 2043 635 2481 721; x_wconf 88' lang='lat' dir='ltr'><strong>pulcherrima</strong></span> <span class='ocrx_word' id='word_1_30' title='bbox 2525 658 2826 720; x_wconf 89' lang='lat' dir='ltr'><strong>quaeque</strong></span> 
     </span>
     <span class='ocr_line' id='line_1_6' title="bbox 849 747 2460 832; baseline 0.001 -19"><span class='ocrx_word' id='word_1_31' title='bbox 849 765 1139 832; x_wconf 86' lang='lat' dir='ltr'><strong>corpora,</strong></span> <span class='ocrx_word' id='word_1_32' title='bbox 1184 747 1292 814; x_wconf 87' lang='lat' dir='ltr'><strong>vel</strong></span> <span class='ocrx_word' id='word_1_33' title='bbox 1335 749 1559 832; x_wconf 91' lang='lat' dir='ltr'><strong>pueris</strong></span> <span class='ocrx_word' id='word_1_34' title='bbox 1605 755 1673 815; x_wconf 90' lang='lat' dir='ltr'><strong>et</strong></span> <span class='ocrx_word' id='word_1_35' title='bbox 1715 747 2032 815; x_wconf 87' lang='lat' dir='ltr'><strong>frontibus</strong></span> <span class='ocrx_word' id='word_1_36' title='bbox 2076 748 2460 814; x_wconf 88' lang='lat' dir='ltr'><strong>ancillarum</strong></span> 
     </span>
     <span class='ocr_line' id='line_1_7' title="bbox 848 858 2293 943; baseline 0.001 -19"><span class='ocrx_word' id='word_1_37' title='bbox 848 860 1115 943; x_wconf 85' lang='lat' dir='ltr'><strong>inponet</strong></span> <span class='ocrx_word' id='word_1_38' title='bbox 1157 861 1372 941; x_wconf 87' lang='lat' dir='ltr'><strong>vittas,</strong></span> <span class='ocrx_word' id='word_1_39' title='bbox 1423 866 1487 925; x_wconf 92' lang='lat' dir='ltr'><strong>et</strong></span> <span class='ocrx_word' id='word_1_40' title='bbox 1531 859 1723 942; x_wconf 91' lang='lat' dir='ltr'><strong>siqua</strong></span> <span class='ocrx_word' id='word_1_41' title='bbox 1766 866 1866 925; x_wconf 88' lang='lat' dir='ltr'><strong>est</strong></span> <span class='ocrx_word' id='word_1_42' title='bbox 1909 859 2151 926; x_wconf 90' lang='lat' dir='ltr'><strong>nubilis</strong></span> <span class='ocrx_word' id='word_1_43' title='bbox 2193 858 2293 926; x_wconf 88' lang='lat' dir='ltr'><strong>illi</strong></span> 
     </span>
     <span class='ocr_line' id='line_1_8' title="bbox 847 969 2430 1055; baseline 0.002 -20"><span class='ocrx_word' id='word_1_44' title='bbox 847 969 1195 1055; x_wconf 82' lang='lat' dir='ltr'><strong>Iphigenia</strong></span> <span class='ocrx_word' id='word_1_45' title='bbox 1241 969 1431 1053; x_wconf 90' lang='lat' dir='ltr'><strong>domi,</strong></span> <span class='ocrx_word' id='word_1_46' title='bbox 1480 969 1664 1037; x_wconf 92' lang='lat' dir='ltr'><strong>dabit</strong></span> <span class='ocrx_word' id='word_1_47' title='bbox 1707 971 1877 1037; x_wconf 89' lang='lat' dir='ltr'><strong>hanc</strong></span> <span class='ocrx_word' id='word_1_48' title='bbox 1921 970 2260 1054; x_wconf 86' lang='lat' dir='ltr'><strong>altaribus,</strong></span> <span class='ocrx_word' id='word_1_49' title='bbox 2307 972 2430 1038; x_wconf 89' lang='lat' dir='ltr'><strong>etsi</strong></span> 
     </span>
    </p>

    <p class='ocr_par' dir='ltr' id='par_1_4' title="bbox 682 1082 2618 1613">
     <span class='ocr_line' id='line_1_9' title="bbox 682 1082 2466 1168; baseline 0.002 -25"><span class='ocrx_word' id='word_1_50' title='bbox 682 1086 800 1145; x_wconf 91' lang='grc'><strong>120</strong></span> <span class='ocrx_word' id='word_1_51' title='bbox 848 1101 976 1147; x_wconf 87' lang='lat' dir='ltr'><strong>non</strong></span> <span class='ocrx_word' id='word_1_52' title='bbox 1022 1088 1244 1166; x_wconf 81' lang='lat' dir='ltr'><strong>sperat</strong></span> <span class='ocrx_word' id='word_1_53' title='bbox 1285 1084 1578 1168; x_wconf 87' lang='lat' dir='ltr'><strong>tragicae</strong></span> <span class='ocrx_word' id='word_1_54' title='bbox 1622 1082 1867 1150; x_wconf 84' lang='lat' dir='ltr'><strong>furtiva</strong></span> <span class='ocrx_word' id='word_1_55' title='bbox 1908 1082 2168 1167; x_wconf 91' lang='lat' dir='ltr'><strong>piacula</strong></span> <span class='ocrx_word' id='word_1_56' title='bbox 2213 1101 2466 1149; x_wconf 77' lang='lat' dir='ltr'><strong>cervae.</strong></span> 
     </span>
     <span class='ocr_line' id='line_1_10' title="bbox 846 1192 2523 1280; baseline 0.002 -22"><span class='ocrx_word' id='word_1_57' title='bbox 846 1192 1045 1260; x_wconf 90' lang='lat' dir='ltr'><strong>laudo</strong></span> <span class='ocrx_word' id='word_1_58' title='bbox 1089 1214 1306 1261; x_wconf 88' lang='lat' dir='ltr'><strong>meum</strong></span> <span class='ocrx_word' id='word_1_59' title='bbox 1350 1197 1574 1278; x_wconf 86' lang='lat' dir='ltr'><strong>civem,</strong></span> <span class='ocrx_word' id='word_1_60' title='bbox 1621 1213 1745 1261; x_wconf 89' lang='lat' dir='ltr'><strong>nec</strong></span> <span class='ocrx_word' id='word_1_61' title='bbox 1787 1214 2090 1280; x_wconf 89' lang='lat' dir='ltr'><strong>comparo</strong></span> <span class='ocrx_word' id='word_1_62' title='bbox 2133 1201 2523 1261; x_wconf 87' lang='lat' dir='ltr'><strong>testamento</strong></span> 
     </span>
     <span class='ocr_line' id='line_1_11' title="bbox 846 1305 2565 1391; baseline 0.001 -22"><span class='ocrx_word' id='word_1_63' title='bbox 846 1305 1026 1371; x_wconf 89' lang='lat' dir='ltr'><strong>mille</strong></span> <span class='ocrx_word' id='word_1_64' title='bbox 1069 1313 1275 1387; x_wconf 87' lang='lat' dir='ltr'><strong>rates;</strong></span> <span class='ocrx_word' id='word_1_65' title='bbox 1323 1327 1473 1373; x_wconf 89' lang='lat' dir='ltr'><strong>nam</strong></span> <span class='ocrx_word' id='word_1_66' title='bbox 1519 1307 1576 1372; x_wconf 93' lang='lat' dir='ltr'><strong>si</strong></span> <span class='ocrx_word' id='word_1_67' title='bbox 1621 1305 1978 1373; x_wconf 88' lang='lat' dir='ltr'><strong>Libitinam</strong></span> <span class='ocrx_word' id='word_1_68' title='bbox 2023 1307 2308 1373; x_wconf 75' lang='lat' dir='ltr'><strong>evaserit</strong></span> <span class='ocrx_word' id='word_1_69' title='bbox 2352 1325 2565 1391; x_wconf 85' lang='lat' dir='ltr'><strong>aeger,</strong></span> 
     </span>
     <span class='ocr_line' id='line_1_12' title="bbox 846 1414 2317 1484; baseline 0.001 -3"><span class='ocrx_word' id='word_1_70' title='bbox 846 1414 1097 1484; x_wconf 87' lang='lat' dir='ltr'><strong>delebit</strong></span> <span class='ocrx_word' id='word_1_71' title='bbox 1136 1418 1397 1484; x_wconf 89' lang='lat' dir='ltr'><strong>tabulas</strong></span> <span class='ocrx_word' id='word_1_72' title='bbox 1440 1419 1730 1484; x_wconf 88' lang='lat' dir='ltr'><strong>inclusus</strong></span> <span class='ocrx_word' id='word_1_73' title='bbox 1774 1436 2034 1484; x_wconf 87' lang='lat' dir='ltr'><strong>carcere</strong></span> <span class='ocrx_word' id='word_1_74' title='bbox 2078 1435 2317 1483; x_wconf 81' lang='lat' dir='ltr'><strong>nassae</strong></span> 
     </span>
     <span class='ocr_line' id='line_1_13' title="bbox 845 1528 2618 1613; baseline 0 -19"><span class='ocrx_word' id='word_1_75' title='bbox 845 1536 991 1613; x_wconf 93' lang='lat' dir='ltr'><strong>post</strong></span> <span class='ocrx_word' id='word_1_76' title='bbox 1033 1531 1335 1596; x_wconf 83' lang='lat' dir='ltr'><strong>meritum</strong></span> <span class='ocrx_word' id='word_1_77' title='bbox 1379 1548 1539 1596; x_wconf 89' lang='lat' dir='ltr'><strong>sane</strong></span> <span class='ocrx_word' id='word_1_78' title='bbox 1581 1528 1950 1595; x_wconf 91' lang='lat' dir='ltr'><strong>mirandum</strong></span> <span class='ocrx_word' id='word_1_79' title='bbox 1995 1536 2193 1613; x_wconf 90' lang='lat' dir='ltr'><strong>atque</strong></span> <span class='ocrx_word' id='word_1_80' title='bbox 2237 1530 2454 1596; x_wconf 90' lang='lat' dir='ltr'><strong>omnia</strong></span> <span class='ocrx_word' id='word_1_81' title='bbox 2496 1530 2618 1595; x_wconf 89' lang='lat' dir='ltr'><strong>soli</strong></span> 
     </span>
    </p>

    <p class='ocr_par' dir='ltr' id='par_1_5' title="bbox 679 1640 2675 2175">
     <span class='ocr_line' id='line_1_14' title="bbox 679 1640 2494 1725; baseline 0.003 -24"><span class='ocrx_word' id='word_1_82' title='bbox 679 1645 795 1702; x_wconf 86' lang='lat'><strong>125</strong></span> <span class='ocrx_word' id='word_1_83' title='bbox 842 1640 1065 1707; x_wconf 86' lang='lat' dir='ltr'><strong>forsan</strong></span> <span class='ocrx_word' id='word_1_84' title='bbox 1109 1642 1393 1707; x_wconf 91' lang='lat' dir='ltr'><strong>Pacuvio</strong></span> <span class='ocrx_word' id='word_1_85' title='bbox 1439 1641 1726 1708; x_wconf 88' lang='lat' dir='ltr'><strong>breviter</strong></span> <span class='ocrx_word' id='word_1_86' title='bbox 1768 1641 1968 1724; x_wconf 86' lang='lat' dir='ltr'><strong>dabit,</strong></span> <span class='ocrx_word' id='word_1_87' title='bbox 2014 1642 2131 1707; x_wconf 92' lang='lat' dir='ltr'><strong>ille</strong></span> <span class='ocrx_word' id='word_1_88' title='bbox 2177 1641 2494 1725; x_wconf 89' lang='lat' dir='ltr'><strong>superbus</strong></span> 
     </span>
     <span class='ocr_line' id='line_1_15' title="bbox 844 1752 2434 1838; baseline 0.001 -21"><span class='ocrx_word' id='word_1_89' title='bbox 844 1753 1104 1820; x_wconf 87' lang='lat' dir='ltr'><strong>incedet</strong></span> <span class='ocrx_word' id='word_1_90' title='bbox 1146 1755 1337 1820; x_wconf 89' lang='lat' dir='ltr'><strong>victis</strong></span> <span class='ocrx_word' id='word_1_91' title='bbox 1381 1753 1718 1819; x_wconf 88' lang='lat' dir='ltr'><strong>rivalibus.</strong></span> <span class='ocrx_word' id='word_1_92' title='bbox 1810 1773 1965 1838; x_wconf 88' lang='lat' dir='ltr'><strong>ergo</strong></span> <span class='ocrx_word' id='word_1_93' title='bbox 2009 1752 2196 1820; x_wconf 88' lang='lat' dir='ltr'><strong>vides</strong></span> <span class='ocrx_word' id='word_1_94' title='bbox 2241 1773 2434 1835; x_wconf 88' lang='lat' dir='ltr'><strong>quam</strong></span> 
     </span>
     <span class='ocr_line' id='line_1_16' title="bbox 842 1864 2642 1951; baseline -0.001 -22"><span class='ocrx_word' id='word_1_95' title='bbox 842 1864 1093 1947; x_wconf 89' lang='lat' dir='ltr'><strong>grande</strong></span> <span class='ocrx_word' id='word_1_96' title='bbox 1138 1883 1375 1950; x_wconf 87' lang='lat' dir='ltr'><strong>operae</strong></span> <span class='ocrx_word' id='word_1_97' title='bbox 1418 1867 1699 1951; x_wconf 89' lang='lat' dir='ltr'><strong>pretium</strong></span> <span class='ocrx_word' id='word_1_98' title='bbox 1742 1865 1946 1931; x_wconf 92' lang='lat' dir='ltr'><strong>faciat</strong></span> <span class='ocrx_word' id='word_1_99' title='bbox 1989 1865 2286 1949; x_wconf 88' lang='lat' dir='ltr'><strong>iugulata</strong></span> <span class='ocrx_word' id='word_1_100' title='bbox 2329 1865 2642 1950; x_wconf 77' lang='lat' dir='ltr'><strong>Mycenis.</strong></span> 
     </span>
     <span class='ocr_line' id='line_1_17' title="bbox 842 1976 2427 2060; baseline -0.001 -19"><span class='ocrx_word' id='word_1_101' title='bbox 842 1976 1025 2041; x_wconf 87' lang='lat' dir='ltr'><strong>vivat</strong></span> <span class='ocrx_word' id='word_1_102' title='bbox 1067 1976 1394 2043; x_wconf 88' lang='lat' dir='ltr'><strong>Pacuvius</strong></span> <span class='ocrx_word' id='word_1_103' title='bbox 1439 1997 1683 2060; x_wconf 89' lang='lat' dir='ltr'><strong>quaeso</strong></span> <span class='ocrx_word' id='word_1_104' title='bbox 1728 1976 1837 2044; x_wconf 86' lang='lat' dir='ltr'><strong>vel</strong></span> <span class='ocrx_word' id='word_1_105' title='bbox 1879 1976 2163 2043; x_wconf 85' lang='lat' dir='ltr'><strong>Nestora</strong></span> <span class='ocrx_word' id='word_1_106' title='bbox 2204 1983 2427 2057; x_wconf 86' lang='lat' dir='ltr'><strong>totum,</strong></span> 
     </span>
     <span class='ocr_line' id='line_1_18' title="bbox 840 2087 2675 2175; baseline 0 -23"><span class='ocrx_word' id='word_1_107' title='bbox 840 2087 1177 2171; x_wconf 90' lang='lat' dir='ltr'><strong>possideat</strong></span> <span class='ocrx_word' id='word_1_108' title='bbox 1220 2096 1532 2170; x_wconf 90' lang='lat' dir='ltr'><strong>quantum</strong></span> <span class='ocrx_word' id='word_1_109' title='bbox 1576 2090 1797 2175; x_wconf 89' lang='lat' dir='ltr'><strong>rapuit</strong></span> <span class='ocrx_word' id='word_1_110' title='bbox 1836 2089 2032 2172; x_wconf 90' lang='lat' dir='ltr'><strong>Nero,</strong></span> <span class='ocrx_word' id='word_1_111' title='bbox 2079 2089 2403 2155; x_wconf 90' lang='lat' dir='ltr'><strong>montibus</strong></span> <span class='ocrx_word' id='word_1_112' title='bbox 2448 2107 2675 2153; x_wconf 89' lang='lat' dir='ltr'><strong>aurum</strong></span> 
     </span>
    </p>
   </div>
   <div class='ocr_carea' id='block_1_3' title="bbox 670 2226 1083 2238">
    <p class='ocr_par' dir='ltr' id='par_1_6' title="bbox 670 2226 1083 2238">
     <span class='ocr_line' id='line_1_19' title="bbox 670 2226 1083 2238; baseline 0 0"><span class='ocrx_word' id='word_1_113' title='bbox 670 2226 1083 2238; x_wconf 95' lang='lat' dir='ltr'><strong> </strong></span> 
     </span>
    </p>
   </div>
   <div class='ocr_carea' id='block_1_4' title="bbox 670 2293 2942 2447">
    <p class='ocr_par' dir='ltr' id='par_1_7' title="bbox 670 2293 2942 2447">
     <span class='ocr_line' id='line_1_20' title="bbox 881 2293 2942 2365; baseline 0.002 -21"><span class='ocrx_word' id='word_1_114' title='bbox 881 2295 994 2345; x_wconf 88' lang='lat'>125.</span> <span class='ocrx_word' id='word_1_115' title='bbox 1069 2293 1261 2349; x_wconf 86' lang='lat' dir='ltr'><strong>Horat.</strong></span> <span class='ocrx_word' id='word_1_116' title='bbox 1287 2295 1469 2364; x_wconf 88' lang='lat' dir='ltr'><strong>Epod.</strong></span> <span class='ocrx_word' id='word_1_117' title='bbox 1498 2297 1580 2360; x_wconf 86' lang='grc'><strong>15,</strong></span> <span class='ocrx_word' id='word_1_118' title='bbox 1610 2298 1672 2348; x_wconf 89' lang='grc'><strong>17</strong></span> <span class='ocrx_word' id='word_1_119' title='bbox 1711 2302 1772 2351; x_wconf 87' lang='lat' dir='ltr'><strong>et</strong></span> <span class='ocrx_word' id='word_1_120' title='bbox 1805 2301 1886 2364; x_wconf 85' lang='lat' dir='ltr'><strong>tu,</strong></span> <span class='ocrx_word' id='word_1_121' title='bbox 1923 2295 2251 2365; x_wconf 87' lang='lat' dir='ltr'><strong>quicunque</strong></span> <span class='ocrx_word' id='word_1_122' title='bbox 2273 2308 2336 2350; x_wconf 89' lang='lat' dir='ltr'><strong>es</strong></span> <span class='ocrx_word' id='word_1_123' title='bbox 2367 2293 2592 2350; x_wconf 84' lang='lat' dir='ltr'><strong>felicior</strong></span> <span class='ocrx_word' id='word_1_124' title='bbox 2616 2299 2788 2364; x_wconf 87' lang='lat' dir='ltr'><strong>atque</strong></span> <span class='ocrx_word' id='word_1_125' title='bbox 2812 2308 2942 2349; x_wconf 88' lang='lat' dir='ltr'><strong>meo</strong></span> 
     </span>
     <span class='ocr_line' id='line_1_21' title="bbox 670 2377 1612 2447; baseline 0.004 -15"><span class='ocrx_word' id='word_1_126' title='bbox 670 2393 823 2433; x_wconf 88' lang='lat' dir='ltr'><strong>nunc</strong></span> <span class='ocrx_word' id='word_1_127' title='bbox 859 2377 1149 2447; x_wconf 87' lang='lat' dir='ltr'><strong>Superbus</strong></span> <span class='ocrx_word' id='word_1_128' title='bbox 1186 2380 1407 2437; x_wconf 86' lang='lat' dir='ltr'><strong>incedis</strong></span> <span class='ocrx_word' id='word_1_129' title='bbox 1443 2382 1612 2436; x_wconf 87' lang='lat' dir='ltr'><strong>malo.</strong></span> 
     </span>
    </p>
   </div>
   <div class='ocr_carea' id='block_1_5' title="bbox 669 2502 1078 2512">
    <p class='ocr_par' dir='ltr' id='par_1_8' title="bbox 669 2502 1078 2512">
     <span class='ocr_line' id='line_1_22' title="bbox 669 2502 1078 2512; baseline 0 2563"><span class='ocrx_word' id='word_1_130' title='bbox 669 2502 1078 2512; x_wconf 95' lang='lat' dir='ltr'><strong> </strong></span> 
     </span>
    </p>
   </div>
   <div class='ocr_carea' id='block_1_6' title="bbox 667 2567 2937 2812">
    <p class='ocr_par' dir='ltr' id='par_1_9' title="bbox 667 2567 2937 2812">
     <span class='ocr_line' id='line_1_23' title="bbox 806 2567 2937 2640; baseline 0.001 -20"><span class='ocrx_word' id='word_1_131' title='bbox 806 2570 921 2621; x_wconf 81' lang='lat'><strong>118.</strong></span> <span class='ocrx_word' id='word_1_132' title='bbox 992 2569 1170 2625; x_wconf 69' lang='lat' dir='ltr'><strong>vittas.</strong></span> <span class='ocrx_word' id='word_1_133' title='bbox 1226 2569 1578 2640; x_wconf 87' lang='lat' dir='ltr'><strong>Opferthiere</strong></span> <span class='ocrx_word' id='word_1_134' title='bbox 1601 2571 1834 2628; x_wconf 80' lang='lat' dir='ltr'><strong>wurden</strong></span> <span class='ocrx_word' id='word_1_135' title='bbox 1851 2571 1956 2627; x_wconf 88' lang='lat' dir='ltr'><strong>mit</strong></span> <span class='ocrx_word' id='word_1_136' title='bbox 1976 2569 2194 2626; x_wconf 87' lang='lat' dir='ltr'><strong>infulae</strong></span> <span class='ocrx_word' id='word_1_137' title='bbox 2210 2570 2330 2625; x_wconf 89' lang='lat' dir='ltr'><strong>und</strong></span> <span class='ocrx_word' id='word_1_138' title='bbox 2347 2569 2525 2626; x_wconf 85' lang='lat' dir='ltr'><strong>vittae</strong></span> <span class='ocrx_word' id='word_1_139' title='bbox 2551 2567 2937 2638; x_wconf 78' lang='lat' dir='ltr'><strong>geschmuekt.</strong></span> 
     </span>
     <span class='ocr_line' id='line_1_24' title="bbox 667 2652 1134 2723; baseline 0.006 -15"><span class='ocrx_word' id='word_1_140' title='bbox 667 2652 801 2709; x_wconf 86' lang='lat' dir='ltr'><strong>Stv.</strong></span> <span class='ocrx_word' id='word_1_141' title='bbox 828 2654 917 2710; x_wconf 88' lang='lat'><strong>111</strong></span> <span class='ocrx_word' id='word_1_142' title='bbox 948 2657 1059 2723; x_wconf 88' lang='grc'>180,</span> <span class='ocrx_word' id='word_1_143' title='bbox 1085 2658 1134 2711; x_wconf 89' lang='lat'><strong>3.</strong></span> 
     </span>
     <span class='ocr_line' id='line_1_25' title="bbox 807 2741 1675 2812; baseline 0.002 -20"><span class='ocrx_word' id='word_1_144' title='bbox 807 2741 923 2794; x_wconf 85' lang='lat'><strong>119.</strong></span> <span class='ocrx_word' id='word_1_145' title='bbox 992 2742 1291 2812; x_wconf 53' lang='lat' dir='ltr'><strong>spasmata.</strong></span> <span class='ocrx_word' id='word_1_146' title='bbox 1364 2742 1446 2798; x_wconf 80' lang='lat' dir='ltr'><strong>zn</strong></span> <span class='ocrx_word' id='word_1_147' title='bbox 1486 2745 1530 2809; x_wconf 90' lang='lat'><strong>1,</strong></span> <span class='ocrx_word' id='word_1_148' title='bbox 1560 2744 1675 2795; x_wconf 83' lang='lat'><strong>161.</strong></span> 
     </span>
    </p>
   </div>
   <div class='ocr_carea' id='block_1_7' title="bbox 808 2827 2939 2982">
    <p class='ocr_par' dir='ltr' id='par_1_10' title="bbox 808 2827 2939 2982">
     <span class='ocr_line' id='line_1_26' title="bbox 810 2827 1489 2896; baseline 0.004 -18"><span class='ocrx_word' id='word_1_149' title='bbox 810 2828 922 2879; x_wconf 85' lang='lat'><strong>121.</strong></span> <span class='ocrx_word' id='word_1_150' title='bbox 996 2828 1155 2881; x_wconf 73' lang='lat' dir='ltr'><strong>laudo</strong></span> <span class='ocrx_word' id='word_1_151' title='bbox 1189 2827 1300 2884; x_wconf 79' lang='lat' dir='ltr'><strong>wie</strong></span> <span class='ocrx_word' id='word_1_152' title='bbox 1335 2831 1386 2896; x_wconf 82' lang='lat'><strong>4,</strong></span> <span class='ocrx_word' id='word_1_153' title='bbox 1409 2830 1489 2881; x_wconf 86' lang='lat'><strong>18.</strong></span> 
     </span>
     <span class='ocr_line' id='line_1_27' title="bbox 808 2909 2939 2982; baseline 0.001 -18"><span class='ocrx_word' id='word_1_154' title='bbox 808 2913 919 2965; x_wconf 85' lang='lat'><strong>122.</strong></span> <span class='ocrx_word' id='word_1_155' title='bbox 991 2913 1136 2968; x_wconf 77' lang='lat' dir='ltr'><strong>mille</strong></span> <span class='ocrx_word' id='word_1_156' title='bbox 1170 2919 1326 2967; x_wconf 68' lang='lat' dir='ltr'><strong>rate-s.</strong></span> <span class='ocrx_word' id='word_1_157' title='bbox 1410 2915 1543 2966; x_wconf 91' lang='grc'>1000</span> <span class='ocrx_word' id='word_1_158' title='bbox 1591 2912 1801 2970; x_wconf 84' lang='lat' dir='ltr'><strong>Schiffe</strong></span> <span class='ocrx_word' id='word_1_159' title='bbox 1846 2913 1946 2969; x_wconf 92' lang='lat' dir='ltr'><strong>der</strong></span> <span class='ocrx_word' id='word_1_160' title='bbox 1987 2912 2379 2982; x_wconf 84' lang='lat' dir='ltr'><strong>griechischen</strong></span> <span class='ocrx_word' id='word_1_161' title='bbox 2424 2912 2614 2968; x_wconf 83' lang='lat' dir='ltr'><strong>Flotte</strong></span> <span class='ocrx_word' id='word_1_162' title='bbox 2659 2913 2720 2967; x_wconf 88' lang='lat' dir='ltr'><strong>in</strong></span> <span class='ocrx_word' id='word_1_163' title='bbox 2765 2909 2939 2967; x_wconf 80' lang='lat' dir='ltr'><strong>Aulis</strong></span> 
     </span>
    </p>
   </div>
   <div class='ocr_carea' id='block_1_8' title="bbox 665 2996 2938 3069">
    <p class='ocr_par' dir='ltr' id='par_1_11' title="bbox 665 2996 2938 3069">
     <span class='ocr_line' id='line_1_28' title="bbox 665 2996 2938 3069; baseline 0 -17"><span class='ocrx_word' id='word_1_164' title='bbox 665 2996 759 3053; x_wconf 90' lang='lat' dir='ltr'><strong>bei</strong></span> <span class='ocrx_word' id='word_1_165' title='bbox 796 2998 1071 3055; x_wconf 87' lang='lat' dir='ltr'><strong>Dichtern</strong></span> <span class='ocrx_word' id='word_1_166' title='bbox 1105 2998 1463 3069; x_wconf 68' lang='lat' dir='ltr'><strong>gewohnlich</strong></span> <span class='ocrx_word' id='word_1_167' title='bbox 1501 2998 1720 3064; x_wconf 85' lang='lat' dir='ltr'><strong>(Aesch.</strong></span> <span class='ocrx_word' id='word_1_168' title='bbox 1746 2997 1855 3068; x_wconf 85' lang='lat' dir='ltr'><strong>Ag.</strong></span> <span class='ocrx_word' id='word_1_169' title='bbox 1883 3002 1947 3051; x_wconf 85' lang='lat'><strong>45</strong></span> <span class='ocrx_word' id='word_1_170' title='bbox 1980 2999 2111 3053; x_wconf 87' lang='lat' dir='ltr'><strong>Eur.</strong></span> <span class='ocrx_word' id='word_1_171' title='bbox 2150 2997 2327 3055; x_wconf 87' lang='lat' dir='ltr'><strong>Andr.</strong></span> <span class='ocrx_word' id='word_1_172' title='bbox 2364 3000 2461 3052; x_wconf 84' lang='lat'><strong>106</strong></span> <span class='ocrx_word' id='word_1_173' title='bbox 2494 3002 2618 3059; x_wconf 85' lang='lat' dir='ltr'><strong>etc.)</strong></span> <span class='ocrx_word' id='word_1_174' title='bbox 2657 3002 2800 3053; x_wconf 87' lang='lat' dir='ltr'><strong>statt</strong></span> <span class='ocrx_word' id='word_1_175' title='bbox 2835 2997 2938 3052; x_wconf 88' lang='lat' dir='ltr'><strong>der</strong></span> 
     </span>
    </p>
   </div>
   <div class='ocr_carea' id='block_1_9' title="bbox 666 3082 2934 3239">
    <p class='ocr_par' dir='ltr' id='par_1_12' title="bbox 666 3082 2934 3239">
     <span class='ocr_line' id='line_1_29' title="bbox 666 3082 2270 3154; baseline -0.001 -17"><span class='ocrx_word' id='word_1_176' title='bbox 666 3083 742 3137; x_wconf 89' lang='lat' dir='ltr'><strong>im</strong></span> <span class='ocrx_word' id='word_1_177' title='bbox 777 3082 1169 3141; x_wconf 88' lang='lat' dir='ltr'><strong>homerischen</strong></span> <span class='ocrx_word' id='word_1_178' title='bbox 1205 3084 1645 3153; x_wconf 84' lang='lat' dir='ltr'><strong>Schiffskatalog</strong></span> <span class='ocrx_word' id='word_1_179' title='bbox 1682 3085 2085 3154; x_wconf 81' lang='lat' dir='ltr'><strong>angegebenen</strong></span> <span class='ocrx_word' id='word_1_180' title='bbox 2124 3086 2270 3137; x_wconf 85' lang='grc'>1186.</span> 
     </span>
     <span class='ocr_line' id='line_1_30' title="bbox 807 3167 2934 3239; baseline 0.001 -19"><span class='ocrx_word' id='word_1_181' title='bbox 807 3171 922 3222; x_wconf 79' lang='lat'><strong>123.</strong></span> <span class='ocrx_word' id='word_1_182' title='bbox 995 3169 1226 3225; x_wconf 69' lang='lat' dir='ltr'><strong>inclusus</strong></span> <span class='ocrx_word' id='word_1_183' title='bbox 1270 3189 1480 3224; x_wconf 76' lang='lat' dir='ltr'><strong>carcere</strong></span> <span class='ocrx_word' id='word_1_184' title='bbox 1523 3188 1724 3223; x_wconf 68' lang='lat' dir='ltr'><strong>nassae.</strong></span> <span class='ocrx_word' id='word_1_185' title='bbox 1804 3170 1917 3224; x_wconf 82' lang='lat' dir='ltr'><strong>Die</strong></span> <span class='ocrx_word' id='word_1_186' title='bbox 1963 3169 2386 3239; x_wconf 82' lang='lat' dir='ltr'><strong>Vergleichung</strong></span> <span class='ocrx_word' id='word_1_187' title='bbox 2428 3170 2528 3225; x_wconf 82' lang='lat' dir='ltr'><strong>des</strong></span> <span class='ocrx_word' id='word_1_188' title='bbox 2573 3167 2934 3234; x_wconf 71' lang='lat' dir='ltr'><strong>Verfahrem,</strong></span> 
     </span>
    </p>
   </div>
   <div class='ocr_carea' id='block_1_10' title="bbox 608 3234 2935 4185">
    <p class='ocr_par' dir='ltr' id='par_1_13' title="bbox 608 3234 2935 3481">
     <span class='ocr_line' id='line_1_31' title="bbox 608 3234 2935 3325; baseline 0 -17"><span class='ocrx_word' id='word_1_189' title='bbox 608 3234 621 3249; x_wconf 61' lang='lat'><em>⁶</em></span> <span class='ocrx_word' id='word_1_190' title='bbox 663 3254 769 3309; x_wconf 88' lang='lat' dir='ltr'><strong>mit</strong></span> <span class='ocrx_word' id='word_1_191' title='bbox 802 3254 1070 3312; x_wconf 85' lang='lat' dir='ltr'><strong>welchem</strong></span> <span class='ocrx_word' id='word_1_192' title='bbox 1107 3257 1201 3312; x_wconf 89' lang='lat' dir='ltr'><strong>die</strong></span> <span class='ocrx_word' id='word_1_193' title='bbox 1237 3262 1560 3325; x_wconf 86' lang='lat' dir='ltr'><strong>captatores</strong></span> <span class='ocrx_word' id='word_1_194' title='bbox 1597 3256 1692 3311; x_wconf 86' lang='lat' dir='ltr'><strong>die</strong></span> <span class='ocrx_word' id='word_1_195' title='bbox 1729 3256 1855 3312; x_wconf 91' lang='lat' dir='ltr'><strong>orbi</strong></span> <span class='ocrx_word' id='word_1_196' title='bbox 1892 3271 2223 3325; x_wconf 86' lang='lat' dir='ltr'><strong>umgarnen,</strong></span> <span class='ocrx_word' id='word_1_197' title='bbox 2271 3258 2374 3312; x_wconf 89' lang='lat' dir='ltr'><strong>mit</strong></span> <span class='ocrx_word' id='word_1_198' title='bbox 2417 3257 2543 3312; x_wconf 90' lang='lat' dir='ltr'><strong>dem</strong></span> <span class='ocrx_word' id='word_1_199' title='bbox 2592 3256 2693 3310; x_wconf 86' lang='lat' dir='ltr'><strong>des</strong></span> <span class='ocrx_word' id='word_1_200' title='bbox 2740 3253 2935 3310; x_wconf 84' lang='lat' dir='ltr'><strong>Fisch-</strong></span> 
     </span>
     <span class='ocr_line' id='line_1_32' title="bbox 664 3338 2935 3411; baseline 0 -18"><span class='ocrx_word' id='word_1_201' title='bbox 664 3338 862 3409; x_wconf 82' lang='lat' dir='ltr'><strong>fanges</strong></span> <span class='ocrx_word' id='word_1_202' title='bbox 899 3341 1043 3396; x_wconf 89' lang='lat' dir='ltr'><strong>auch</strong></span> <span class='ocrx_word' id='word_1_203' title='bbox 1078 3342 1173 3398; x_wconf 87' lang='lat' dir='ltr'><strong>bei</strong></span> <span class='ocrx_word' id='word_1_204' title='bbox 1211 3342 1403 3398; x_wconf 86' lang='lat' dir='ltr'><strong>Horat.</strong></span> <span class='ocrx_word' id='word_1_205' title='bbox 1439 3343 1493 3398; x_wconf 87' lang='lat' dir='ltr'><strong>S.</strong></span> <span class='ocrx_word' id='word_1_206' title='bbox 1522 3344 1579 3398; x_wconf 92' lang='lat'><strong>11</strong></span> <span class='ocrx_word' id='word_1_207' title='bbox 1613 3346 1661 3409; x_wconf 85' lang='lat'><strong>5,</strong></span> <span class='ocrx_word' id='word_1_208' title='bbox 1693 3344 1758 3394; x_wconf 77' lang='lat'><strong>44</strong></span> <span class='ocrx_word' id='word_1_209' title='bbox 1796 3341 1987 3411; x_wconf 87' lang='lat' dir='ltr'><strong>plures</strong></span> <span class='ocrx_word' id='word_1_210' title='bbox 2032 3341 2323 3399; x_wconf 84' lang='lat' dir='ltr'><strong>adnabunt</strong></span> <span class='ocrx_word' id='word_1_211' title='bbox 2364 3341 2565 3397; x_wconf 85' lang='lat' dir='ltr'><strong>thunni</strong></span> <span class='ocrx_word' id='word_1_212' title='bbox 2611 3348 2670 3397; x_wconf 87' lang='lat' dir='ltr'><strong>et</strong></span> <span class='ocrx_word' id='word_1_213' title='bbox 2717 3340 2935 3396; x_wconf 87' lang='lat' dir='ltr'><strong>cetaria</strong></span> 
     </span>
     <span class='ocr_line' id='line_1_33' title="bbox 664 3432 936 3481; baseline 0.011 -5"><span class='ocrx_word' id='word_1_214' title='bbox 664 3432 936 3481; x_wconf 87' lang='lat' dir='ltr'><strong>crescent.</strong></span> 
     </span>
    </p>

    <p class='ocr_par' dir='ltr' id='par_1_14' title="bbox 664 3512 2933 3669">
     <span class='ocr_line' id='line_1_34' title="bbox 808 3512 2933 3584; baseline 0.003 -23"><span class='ocrx_word' id='word_1_215' title='bbox 808 3512 920 3562; x_wconf 81' lang='lat'><strong>127.</strong></span> <span class='ocrx_word' id='word_1_216' title='bbox 992 3513 1193 3582; x_wconf 63' lang='lat' dir='ltr'><strong>gyrando</strong></span> <span class='ocrx_word' id='word_1_217' title='bbox 1244 3532 1435 3583; x_wconf 75' lang='lat' dir='ltr'><strong>operae</strong></span> <span class='ocrx_word' id='word_1_218' title='bbox 1477 3514 1732 3584; x_wconf 73' lang='lat' dir='ltr'><strong>pretium.</strong></span> <span class='ocrx_word' id='word_1_219' title='bbox 1844 3517 1934 3582; x_wconf 85' lang='lat'><strong>14,</strong></span> <span class='ocrx_word' id='word_1_220' title='bbox 1985 3516 2076 3566; x_wconf 79' lang='lat'><strong>281</strong></span> <span class='ocrx_word' id='word_1_221' title='bbox 2145 3514 2360 3584; x_wconf 82' lang='lat' dir='ltr'><strong>grande</strong></span> <span class='ocrx_word' id='word_1_222' title='bbox 2417 3528 2624 3583; x_wconf 74' lang='lat' dir='ltr'><strong>operae</strong></span> <span class='ocrx_word' id='word_1_223' title='bbox 2685 3514 2933 3583; x_wconf 80' lang='lat' dir='ltr'><strong>pretium</strong></span> 
     </span>
     <span class='ocr_line' id='line_1_35' title="bbox 664 3597 2164 3669; baseline 0.002 -18"><span class='ocrx_word' id='word_1_224' title='bbox 664 3599 767 3662; x_wconf 88' lang='lat' dir='ltr'><strong>est,</strong></span> <span class='ocrx_word' id='word_1_225' title='bbox 803 3601 869 3652; x_wconf 88' lang='lat' dir='ltr'><strong>ut</strong></span> <span class='ocrx_word' id='word_1_226' title='bbox 904 3603 1067 3653; x_wconf 85' lang='lat' dir='ltr'><strong>tenso</strong></span> <span class='ocrx_word' id='word_1_227' title='bbox 1102 3597 1239 3655; x_wconf 87' lang='lat' dir='ltr'><strong>folle</strong></span> <span class='ocrx_word' id='word_1_228' title='bbox 1274 3601 1483 3657; x_wconf 85' lang='lat' dir='ltr'><strong>reverti</strong></span> <span class='ocrx_word' id='word_1_229' title='bbox 1521 3600 1661 3655; x_wconf 89' lang='lat' dir='ltr'><strong>Inde</strong></span> <span class='ocrx_word' id='word_1_230' title='bbox 1700 3600 1926 3655; x_wconf 90' lang='lat' dir='ltr'><strong>domum</strong></span> <span class='ocrx_word' id='word_1_231' title='bbox 1961 3600 2164 3669; x_wconf 88' lang='lat' dir='ltr'><strong>possis.</strong></span> 
     </span>
    </p>

    <p class='ocr_par' dir='ltr' id='par_1_15' title="bbox 662 3683 2934 3840">
     <span class='ocr_line' id='line_1_36' title="bbox 804 3683 2934 3756; baseline 0.002 -21"><span class='ocrx_word' id='word_1_232' title='bbox 804 3685 915 3737; x_wconf 88' lang='grc'>128.</span> <span class='ocrx_word' id='word_1_233' title='bbox 991 3685 1227 3740; x_wconf 66' lang='lat' dir='ltr'><strong>Nestora</strong></span> <span class='ocrx_word' id='word_1_234' title='bbox 1287 3691 1469 3740; x_wconf 76' lang='lat' dir='ltr'><strong>totum.</strong></span> <span class='ocrx_word' id='word_1_235' title='bbox 1579 3686 1862 3742; x_wconf 88' lang='lat' dir='ltr'><strong>Aehnlich</strong></span> <span class='ocrx_word' id='word_1_236' title='bbox 1927 3685 2116 3741; x_wconf 76' lang='lat' dir='ltr'><strong>klihne</strong></span> <span class='ocrx_word' id='word_1_237' title='bbox 2177 3686 2561 3756; x_wconf 80' lang='lat' dir='ltr'><strong>Metonymien</strong></span> <span class='ocrx_word' id='word_1_238' title='bbox 2621 3684 2722 3739; x_wconf 87' lang='lat' dir='ltr'><strong>hat</strong></span> <span class='ocrx_word' id='word_1_239' title='bbox 2785 3683 2934 3739; x_wconf 87' lang='lat' dir='ltr'><strong>auch</strong></span> 
     </span>
     <span class='ocr_line' id='line_1_37' title="bbox 662 3768 1333 3840; baseline 0.004 -18"><span class='ocrx_word' id='word_1_240' title='bbox 662 3768 886 3824; x_wconf 80' lang='lat' dir='ltr'><strong>Martial</strong></span> <span class='ocrx_word' id='word_1_241' title='bbox 922 3773 1010 3835; x_wconf 85' lang='lat' dir='ltr'><strong>(zu</strong></span> <span class='ocrx_word' id='word_1_242' title='bbox 1044 3771 1099 3825; x_wconf 87' lang='lat' dir='ltr'>X</span> <span class='ocrx_word' id='word_1_243' title='bbox 1124 3774 1206 3840; x_wconf 76' lang='lat'><strong>24,</strong></span> <span class='ocrx_word' id='word_1_244' title='bbox 1236 3774 1333 3836; x_wconf 88' lang='lat'><strong>11).</strong></span> 
     </span>
    </p>

    <p class='ocr_par' dir='ltr' id='par_1_16' title="bbox 806 3856 2367 3928">
     <span class='ocr_line' id='line_1_38' title="bbox 806 3856 2367 3928; baseline 0.001 -21"><span class='ocrx_word' id='word_1_245' title='bbox 806 3858 917 3908; x_wconf 80' lang='lat'><strong>129.</strong></span> <span class='ocrx_word' id='word_1_246' title='bbox 991 3862 1249 3927; x_wconf 77' lang='lat' dir='ltr'><strong>quantum</strong></span> <span class='ocrx_word' id='word_1_247' title='bbox 1282 3857 1468 3927; x_wconf 70' lang='lat' dir='ltr'><strong>rapuit</strong></span> <span class='ocrx_word' id='word_1_248' title='bbox 1505 3859 1670 3912; x_wconf 86' lang='lat' dir='ltr'><strong>Nero.</strong></span> <span class='ocrx_word' id='word_1_249' title='bbox 1742 3857 1870 3928; x_wconf 78' lang='lat' dir='ltr'><strong>vgl.</strong></span> <span class='ocrx_word' id='word_1_250' title='bbox 1895 3857 2029 3913; x_wconf 88' lang='lat' dir='ltr'><strong>Tac.</strong></span> <span class='ocrx_word' id='word_1_251' title='bbox 2054 3856 2125 3913; x_wconf 87' lang='lat' dir='ltr'><strong>A.</strong></span> <span class='ocrx_word' id='word_1_252' title='bbox 2151 3857 2261 3912; x_wconf 87' lang='lat' dir='ltr'><strong>XV</strong></span> <span class='ocrx_word' id='word_1_253' title='bbox 2285 3860 2367 3910; x_wconf 84' lang='lat'><strong>45.</strong></span> 
     </span>
    </p>

    <p class='ocr_par' dir='ltr' id='par_1_17' title="bbox 661 3940 2931 4185">
     <span class='ocr_line' id='line_1_39' title="bbox 797 3940 2931 4012; baseline -0.002 -15"><span class='ocrx_word' id='word_1_254' title='bbox 797 3940 984 3998; x_wconf 74' lang='lat' dir='ltr'><strong>Ueb&#39;er</strong></span> <span class='ocrx_word' id='word_1_255' title='bbox 1006 3943 1101 3999; x_wconf 87' lang='lat' dir='ltr'><strong>die</strong></span> <span class='ocrx_word' id='word_1_256' title='bbox 1125 3943 1607 4012; x_wconf 72' lang='lat' dir='ltr'><strong>spriohwortliohe</strong></span> <span class='ocrx_word' id='word_1_257' title='bbox 1625 3943 1948 4000; x_wconf 87' lang='lat' dir='ltr'><strong>Redensart</strong></span> <span class='ocrx_word' id='word_1_258' title='bbox 1971 3950 2190 4000; x_wconf 83' lang='lat' dir='ltr'><strong>montes</strong></span> <span class='ocrx_word' id='word_1_259' title='bbox 2214 3944 2339 3998; x_wconf 87' lang='lat' dir='ltr'><strong>anri</strong></span> <span class='ocrx_word' id='word_1_260' title='bbox 2365 3943 2603 4009; x_wconf 89' lang='lat' dir='ltr'><strong>(Terent.</strong></span> <span class='ocrx_word' id='word_1_261' title='bbox 2623 3942 2841 3998; x_wconf 89' lang='lat' dir='ltr'><strong>Phorm.</strong></span> <span class='ocrx_word' id='word_1_262' title='bbox 2862 3942 2931 3993; x_wconf 82' lang='lat'><strong>68</strong></span> 
     </span>
     <span class='ocr_line' id='line_1_40' title="bbox 662 4027 2930 4100; baseline 0.001 -20"><span class='ocrx_word' id='word_1_263' title='bbox 662 4027 829 4082; x_wconf 91' lang='lat' dir='ltr'><strong>modo</strong></span> <span class='ocrx_word' id='word_1_264' title='bbox 876 4044 993 4083; x_wconf 89' lang='lat' dir='ltr'><strong>non</strong></span> <span class='ocrx_word' id='word_1_265' title='bbox 1038 4031 1248 4086; x_wconf 88' lang='lat' dir='ltr'><strong>montis</strong></span> <span class='ocrx_word' id='word_1_266' title='bbox 1301 4030 1425 4086; x_wconf 88' lang='lat' dir='ltr'><strong>auri</strong></span> <span class='ocrx_word' id='word_1_267' title='bbox 1471 4030 1766 4099; x_wconf 88' lang='lat' dir='ltr'><strong>pollicens.</strong></span> <span class='ocrx_word' id='word_1_268' title='bbox 1816 4029 1987 4100; x_wconf 87' lang='lat' dir='ltr'><strong>Apul.</strong></span> <span class='ocrx_word' id='word_1_269' title='bbox 2019 4029 2188 4099; x_wconf 88' lang='lat' dir='ltr'><strong>Apol.</strong></span> <span class='ocrx_word' id='word_1_270' title='bbox 2228 4031 2293 4081; x_wconf 85' lang='lat'><strong>20</strong></span> <span class='ocrx_word' id='word_1_271' title='bbox 2330 4044 2436 4084; x_wconf 92' lang='lat' dir='ltr'><strong>nec</strong></span> <span class='ocrx_word' id='word_1_272' title='bbox 2471 4028 2759 4085; x_wconf 88' lang='lat' dir='ltr'><strong>montibus</strong></span> <span class='ocrx_word' id='word_1_273' title='bbox 2805 4028 2930 4082; x_wconf 85' lang='lat' dir='ltr'><strong>auri</strong></span> 
     </span>
     <span class='ocr_line' id='line_1_41' title="bbox 661 4113 2858 4185; baseline -0 -17"><span class='ocrx_word' id='word_1_274' title='bbox 661 4113 976 4169; x_wconf 84' lang='lat' dir='ltr'><strong>satiabitur.</strong></span> <span class='ocrx_word' id='word_1_275' title='bbox 1048 4116 1229 4172; x_wconf 89' lang='lat' dir='ltr'><strong>Plaut.</strong></span> <span class='ocrx_word' id='word_1_276' title='bbox 1267 4114 1458 4171; x_wconf 88' lang='lat' dir='ltr'><strong>Aulnl.</strong></span> <span class='ocrx_word' id='word_1_277' title='bbox 1486 4118 1575 4168; x_wconf 82' lang='lat'><strong>701</strong></span> <span class='ocrx_word' id='word_1_278' title='bbox 1623 4131 1827 4172; x_wconf 81' lang='lat' dir='ltr'><strong>aureos</strong></span> <span class='ocrx_word' id='word_1_279' title='bbox 1861 4122 2101 4180; x_wconf 84' lang='lat' dir='ltr'><strong>montes)</strong></span> <span class='ocrx_word' id='word_1_280' title='bbox 2139 4115 2252 4185; x_wconf 83' lang='lat' dir='ltr'><strong>vgl.</strong></span> <span class='ocrx_word' id='word_1_281' title='bbox 2291 4113 2425 4170; x_wconf 81' lang='lat' dir='ltr'><strong>Otto</strong></span> <span class='ocrx_word' id='word_1_282' title='bbox 2463 4114 2583 4184; x_wconf 86' lang='lat' dir='ltr'><strong>Spr.</strong></span> <span class='ocrx_word' id='word_1_283' title='bbox 2611 4131 2653 4170; x_wconf 86' lang='lat' dir='ltr'><strong>s.</strong></span> <span class='ocrx_word' id='word_1_284' title='bbox 2680 4129 2858 4170; x_wconf 87' lang='lat' dir='ltr'><strong>mons.</strong></span> 
     </span>
    </p>
   </div>
  </div>
 </body>
</html>
