3334 5075
1144 65 1313 122 Liber
1349 67 1595 135 quintus.
1672 67 1876 124 Satura
1909 67 2062 122 XIV.
2617 74 2742 138 563

652 260 778 306 neu
824 238 1056 307 credas
1101 239 1473 325 ponendum
1517 240 1770 325 aliquid
1813 240 2206 308 discriminis
2247 244 2417 310 inter

646 359 980 438 unguenta
1026 360 1092 420 et
1135 354 1411 433 corium3
1458 355 1619 419 lucri
1664 354 1872 420 bonus
1917 362 2017 421 est
2061 354 2218 421 odor
2262 376 2344 423 ex
2388 377 2460 422 re

475 473 597 531 205
646 466 955 551 qualibet.
1046 467 1162 532 illa
1204 472 1314 532 tuo
1361 468 1684 534 sententia
1727 485 1983 553 semper
2024 467 2094 534 in
2138 487 2248 534 ore

643 586 938 646 versetur
983 578 1085 645 dis
1131 585 1327 663 atque
1368 580 1513 664 ipso
1556 580 1713 647 Iove
1757 580 1962 666 digna
2003 588 2225 666 poeta:

640 686 857 759 “unde
900 692 1147 759 habeas
1190 694 1449 777 quaerit
1492 713 1701 778 nemo,
1752 693 1871 761 sed
1914 700 2165 780 oportet
2207 689 2508 762 habere'’.

640 806 762 872 hoc
806 812 1163 872 monstrant
1207 807 1468 872 vetulae
1511 807 1733 891 pueris
1779 806 2159 892 repentibus
2203 825 2411 891 assae,

639 918 762 985 hoc
807 918 1065 985 discunt
1108 938 1333 985 omnes
1377 925 1531 985 ante
1576 918 1796 1003 alpha·
1822 925 1891 986 et
1932 919 2086 986 beta
2129 916 2428 1005 puellae?

470 1039 591 1096 210
640 1030 883 1097 talibus
925 1032 1276 1098 instantem
1320 1032 1582 1098 monitis
1628 1050 2097 1116 quemcumque
2139 1041 2475 1118 parentem

639 1143 733 1209 sic
775 1161 1034 1228 possem
1080 1142 1320 1210 adfari:
1367 1137 1512 1225 ‘dic,
1562 1164 1599 1210 o
1642 1144 2017 1228 vanissime,
2065 1146 2211 1228 quis
2255 1153 2323 1212 te

639 1255 952 1323 festinare
995 1256 1177 1324 iubet
1193 1255 1229 1321 Ρ
1276 1257 1608 1323 meliorem
1651 1264 1914 1343 praesto
1957 1259 2269 1342 magistro

637 1368 1044 1453 discipulum.
1138 1388 1402 1435 securus
1448 1369 1587 1435 abi:
1636 1370 1916 1436 vinceris
1960 1377 2033 1436 ut
2075 1370 2245 1436 Aiax

671 1555 785 1606 208.
825 1553 940 1605 209.
1012 1552 1296 1606 damnarat
1330 1552 1492 1604 Jalm.

669 1641 784 1692 208.
856 1638 1227 1708 reppentibus
1247 1639 1303 1693 P
1320 1637 1688 1708 poscentibus
1709 1656 1968 1709 superse-r.
1980 1656 2025 1709 p
2047 1640 2433 1708 (poscentibus
2451 1657 2634 1698 assem
2652 1645 2726 1706 m).

669 1727 783 1777 211.
856 1741 1082 1796 possem
1108 1725 1296 1796 potius
1333 1743 1490 1795 quam
1524 1726 1736 1795 possim
1774 1726 1830 1780 P
1858 1741 2089 1794 possum
2116 1743 2177 1796 p.

669 1869 785 1919 207.
857 1866 1037 1921 Lucil.
1050 1866 1076 1918 Ρ
1114 1871 1306 1920 nnten.

599 2006 712 2057 203.
784 2024 887 2060 neu
920 2021 1028 2060 nur
1061 2004 1199 2072 hier,
1237 2010 1398 2060 sonst
1430 2004 1525 2061 bei
1562 2002 1850 2061 Vel-boten
1886 2003 2104 2061 iiberall
2140 2020 2246 2061 nec
2273 2008 2336 2071 (3,
2364 2006 2490 2072 302;
2531 2007 2580 2072 6,
2607 2007 2723 2060 282.

460 2094 591 2159 4503
632 2094 835 2160 s,1ss;
873 2094 921 2159 9,
948 2093 1041 2159 99;
1082 2093 1316 2158 11,186;
1358 2092 1436 2158 12,
1462 2093 1544 2143 93.
1595 2092 1716 2157 1303
1758 2092 1837 2158 14,
1864 2092 1990 2158 2013
2033 2093 2110 2158 16,
2137 2093 2184 2155 9)
2233 2091 2342 2148 wie
2377 2108 2493 2148 non
2528 2092 2618 2149 fflr
2653 2110 2724 2149 ne

456 2182 523 2247 (6,
550 2180 678 2246 451;
720 2181 797 2247 11,
829 2181 953 2245 1353
996 2179 1074 2244 16,
1102 2177 1201 2242 28).
1272 2178 1467 2247 Lupus
1499 2194 1554 2247 p.
1583 2179 1663 2229 39.

596 2266 882 2318 204—205.
964 2264 1097 2322 Wol
1144 2262 1506 2332 Anspielung
1550 2263 1655 2319 auf
1692 2264 1788 2320 die
1834 2263 2118 2321 bekannte
2161 2264 2529 2336 Aeusserung
2582 2266 2722 2323 Ves-

455 2352 686 2423 pasians
722 2351 875 2408 Suet.
904 2353 985 2419 23,
1023 2351 1156 2407 dass
1192 2350 1294 2406 das
1331 2365 1433 2405 aus
1480 2349 1603 2405 dem
1648 2351 1899 2420 vectigal
1944 2351 2143 2406 urinae
2196 2353 2540 2409 stammende
2578 2351 2725 2410 Geld

454 2438 613 2494 nicht
649 2437 779 2495 iibel
814 2438 1019 2494 rioche.

595 2526 717 2578 206:
775 2524 869 2582 ein
918 2524 1164 2596 Spruch‚
1218 2522 1421 2591 worth,
1475 2540 1591 2579 von
1633 2523 1902 2593 Juppiter
1945 2523 2062 2578 und
2107 2523 2215 2581 den
2264 2523 2502 2582 Gottern
2547 2526 2722 2584 selbst

452 2612 745 2683 gedichtet
780 2629 849 2667 zu
884 2612 1022 2669 sein.

588 2698 672 2752 dis
695 2702 854 2769 atque
877 2698 995 2769 ipso
1018 2699 1163 2752 Iove.
1212 2697 1380 2754 Hand
1403 2696 1563 2755 Ture.
1591 2697 1650 2751 11
1677 2699 1803 2750 480:
1830 2711 2000 2765 saepe
2025 2698 2389 2765 praemissam
2410 2700 2717 2767 notionem,

451 2801 598 2856 quae
621 2790 799 2841 totam
822 2801 940 2841 rem
964 2786 1374 2854 complectitur,
1413 2790 1725 2854 sequuntur
1747 2784 2011 2839 notiones
2036 2785 2097 2839 in
2122 2785 2250 2854 ipsa
2273 2783 2375 2841 illa
2398 2790 2716 2843 contentae.

451 2872 567 2927 Cic.
609 2871 789 2928 Acad.
827 2872 887 2928 ΙΙ
929 2874 1011 2939 42,
1060 2874 1156 2924 129
1210 2876 1269 2928 et
1320 2872 1523 2928 omitto
1576 2872 1679 2926 illa
1730 2885 1875 2940 quae
1927 2871 2131 2926 relicta
2185 2871 2295 2926 iam
2341 2872 2610 2929 videntur
2659 2879 2719 2929 et

452 2959 738 3015 Herillum.
786 2958 987 3015 lustin.
1024 2958 1222 3014 XXIX
1260 2961 1307 3026 3,
1348 2961 1376 3009 7
1431 2957 1676 3013 Romani
1732 2956 1938 3027 quibus
1982 2957 2160 3013 Poeni
2221 2965 2281 3013 et
2322 2958 2606 3016 Hannibal
2656 2960 2716 3014 in

447 3046 768 3103 cervicibus
804 3051 939 3101 erat„

585 3135 700 3185 207.
772 3132 902 3189 Wie
939 3148 1000 3188 es
1036 3132 1270 3199 scheint,
1309 3131 1439 3186 eine
1463 3130 1913 3201 sprichwortlicb
1939 3131 2277 3201 gewordene
2301 3130 2560 3202 sentens,
2600 3152 2710 3191 von

448 3218 839 3275 unbekannter
875 3217 1184 3286 Herkunft;
1219 3217 1496 3274 Biicheler
1532 3217 1630 3272 hat
1665 3233 1739 3273 an
1762 3217 2018 3273 Lucilius
2041 3219 2299 3288 gedacht.
2364 3219 2490 3284 (Die
2514 3220 2711 3279 Worte

449 3306 549 3362 des
587 3305 788 3362 Schola
824 3306 1111 3362 nutricula
1146 3306 1301 3361 sicca
1334 3309 1563 3360 vetusta
1598 3300 1912 3359 infantibus
1934 3310 2227 3373 monstrat,
2266 3307 2393 3364 eine
2418 3309 2712 3365 wortliche

445 3391 790 3461 Paraphrase
816 3392 914 3448 des
937 3392 1145 3449 Verses
1170 3393 1286 3458 208,
1311 3391 1497 3447 haben
1521 3388 1816 3446 vielleicbt
1837 3406 1944 3445 nur
1968 3387 2206 3461 zufallig·
2228 3392 2709 3495 hexametrischen

446 3476 797 3547 Rhythmus).
2726 3507 2732 3511 ·

583 3565 698 3617 208.
737 3567 851 3618 209.
922 3564 1108 3622 Ueber
1145 3565 1238 3621 die
1273 3564 1614 3622 Parentbese
1650 3580 1721 3619 zu
1758 3567 1804 3631 2,
1832 3565 1912 3615 91.

614 3654 822 3707 vetulae
841 3683 912 3692 —
935 3670 1097 3707 assae.
1159 3652 1342 3709 Schol.
1371 3668 1498 3709 assa
1520 3652 1714 3711 nutrix
1750 3651 1963 3706 dicitur
1997 3666 2143 3720 quae
2177 3652 2269 3708 lac
2303 3668 2419 3708 non
2454 3661 2712 3723 praestat

445 3735 773 3805 infantibus,
811 3740 912 3796 sed
949 3740 1127 3795 solum
1165 3739 1524 3810 diligentiam
1563 3745 1623 3796 et
1654 3738 1991 3795 munditiam
2030 3738 2276 3795 adhibet.

575 3825 763 3894 pueris
795 3825 1115 3896 repentibus.
1169 3825 1403 3892 Quintil.
1432 3825 1458 3880 1
1487 3828 1533 3894 2,
1560 3828 1592 3879 6
1629 3826 1771 3897 quid
1791 3840 1908 3880 non
1933 3825 2162 3881 adultus
2184 3827 2568 3931 concupiscet,
2607 3832 2707 3901 qui

441 3911 501 3966 in
536 3913 802 3981 purpuris
836 3912 1027 3983 repit?

578 3999 738 4068 alpha
774 4004 824 4052 et
860 3999 1325 4067 beta.A1·at.(in
1361 4000 1550 4070 Steph.
1575 4001 1710 4072 Byz-
1737 3997 1988 4071 Γάργαρα)
2032 3994 2334 4070 Γαργαρέων
2372 4002 2539 4057 παισὶν
2577 4003 2708 4075 βῆτα

441 4083 529 4137 καὶ
564 4082 706 4157 ἄλφα
741 4084 919 4158 λέγων.
