3334 5075
1131 402 1301 457 Liber
1336 403 1559 459 tertius.
1630 401 1837 458 Satura
1870 402 2035 460 v111.
2592 405 2709 466 421

625 575 922 642 invenies
968 575 1184 657 aliquo
1229 594 1372 640 cum
1417 592 1801 660 percussore
1844 576 2183 658 iacentem,

622 688 1009 773 permixtum
1055 686 1271 752 nautis
1318 693 1385 753 et
1427 685 1678 752 furibus
1723 707 1802 753 ac
1845 686 2156 771 fugitivis,

460 808 573 864 175
621 801 791 867 inter
836 799 1169 865 carnifices
1215 805 1280 864 et
1323 798 1542 865 fabros
1586 797 2079 884 sandapilarum

624 919 690 978 et
732 912 1092 997 resupinati
1138 911 1465 977 cessantia
1508 919 1822 997 tympana
1865 912 2043 996 galli.

623 1043 837 1106 aequa
878 1022 971 1088 ibi
1015 1023 1303 1104 libertas,
1354 1024 1721 1089 communia
1764 1024 2015 1107 pocula,
2061 1023 2270 1091 lectus

622 1155 752 1201 non
797 1135 967 1200 alius
1012 1135 1331 1217 cuiquam,
1381 1154 1504 1201 nec
1547 1154 1776 1201 mensa
1819 1137 2123 1203 remotior
2167 1136 2304 1201 ulli.

623 1246 782 1330 quid
825 1246 1031 1313 facias
1075 1247 1276 1314 talem
1323 1248 1602 1330 sortitus,
1649 1249 1934 1330 Pontice,
1984 1247 2295 1314 servum?

459 1367 574 1423 180
623 1379 856 1445 nempe
899 1360 970 1426 in
1013 1361 1313 1426 Lucanos
1356 1367 1471 1426 aut
1514 1360 1733 1427 Tusca
1776 1360 2111 1444 ergastula
2153 1361 2393 1427 mittas.

622 1479 692 1537 at
734 1491 870 1555 vos,
918 1472 1347 1555 Troiugenae,
1396 1472 1582 1538 vobis
1625 1472 1976 1557 ignoscitis,
2027 1480 2092 1538 et
2137 1492 2307 1555 quac

621 1573 858 1669 turpia'
882 1582 1166 1666 cerdoni‚
1212 1583 1487 1650 Volesos
1532 1584 1932 1666 Brutumque
1979 1582 2319 1651 decebunt.

709 1696 868 1779 quid
911 1697 968 1761 si
1014 1715 1364 1778 numquam
1409 1693 1574 1762 adeo
1619 1694 1831 1763 foedis
1874 1694 2171 1778 adeoque
2213 1696 2537 1780 pudendis

623 1809 864 1874 utimur
910 1807 1242 1893 exemplis,
1291 1814 1365 1874 ut
1407 1828 1534 1874 non
1579 1807 1803 1893 peiora
1847 1807 2221 1892 supersint?

458 1927 573 1984 185
623 1921 1018 2005 consumptis
1063 1920 1295 2005 opibus
1339 1939 1582 2002 vocem,
1631 1919 2046 2004 Damasippe,
2094 1918 2322 1986 locasti

450 2076 533 2133 Ib.
563 2075 778 2131 XLVII
809 2077 889 2142 10,
915 2076 981 2127 26
1018 2076 1068 2131 si
1107 2075 1237 2145 quis
1274 2090 1497 2131 servum
1532 2089 1717 2130 meum
1754 2090 1822 2130 ac
1858 2072 2035 2130 filium
2070 2074 2320 2131 ludibrio
2354 2074 2563 2130 habeat
2583 2075 2723 2130 licet

448 2162 913 2228 consentientem,
948 2165 1138 2217 tamen
1174 2175 1283 2231 ego
1320 2162 1586 2218 iniuriam
1621 2161 1824 2217 videor
1864 2161 2152 2229 accipere:
2189 2160 2371 2216 veluti
2397 2160 2446 2215 si
2472 2160 2532 2216 in
2557 2161 2719 2230 popi-

447 2264 578 2303 nam
613 2248 842 2304 duxerit
876 2247 1049 2315 illum,
1088 2248 1138 2302 si
1176 2247 1302 2303 alea
1337 2247 1550 2304 luserit

591 2336 701 2386 174.
762 2332 993 2405 furibus
1028 2351 1090 2386 ae
1121 2333 1398 2404 suqitivis.
1481 2335 1666 2389 Plaut-
1706 2334 1875 2389 Poen.
1917 2335 2015 2386 832
2073 2331 2250 2388 furem
2302 2348 2375 2387 an
2416 2331 2718 2402 fugitivom

447 2419 608 2475 velis.
658 2418 904 2475 Salvian.
944 2419 1087 2476 Gub.
1114 2419 1224 2475 Dei
1251 2418 1334 2474 IV
1373 2422 1434 2473 13
1472 2435 1543 2476 ex
1578 2420 1760 2476 servis
1795 2420 1945 2475 enim
1979 2419 2133 2475 fures
2179 2434 2247 2474 ac
2293 2416 2525 2487 fugitivi
2571 2426 2717 2475 sunt.

445 2506 632 2562 Furax
678 2504 854 2576 fugax
898 2504 1079 2561 Plaut.
1125 2505 1275 2563 Pers.
1316 2505 1406 2561 111
1454 2509 1512 2573 3,
1568 2510 1645 2560 17.
1743 2503 2001 2563 Wolfflin
2049 2503 2524 2574 Alphabetisches
2579 2504 2720 2562 Ver-

449 2592 726 2648 zeichniss
772 2592 873 2648 der
908 2592 1292 2648 alliterativen
1354 2592 1801 2664 Verbindungen
1863 2593 1962 2649 der
2024 2592 2399 2648 lateinischen
2454 2591 2716 2662 Sprache.

448 2677 965 2747 Sitzungsberichte
1003 2679 1102 2733 der
1136 2679 1292 2749 bayr.
1330 2678 1516 2734 Akad.
1551 2681 1675 2732 1881
1720 2665 2083 2735 Philus-hist.
2111 2677 2202 2732 Kl.
2243 2677 2295 2733 S.
2324 2681 2404 2731 60.
2502 2708 2505 2711 -

588 2766 699 2817 176.
775 2769 1030 2834 tympana
1062 2765 1209 2835 qalli.
1271 2765 1353 2821 ΖΠ
1390 2767 1438 2834 6,
1465 2768 1580 2817 515.

588 2853 700 2903 177.
774 2869 944 2921 aequa
985 2882 1057 2891 —
1109 2851 1339 2906 libertas.
1423 2851 1550 2908 Seu.
1587 2852 1654 2907 N.
1693 2866 1783 2920 qu.
1822 2849 1905 2907 IV
1945 2852 1991 2916 3,
2027 2854 2058 2903 6
2104 2851 2252 2907 inter
2296 2849 2486 2907 nullos
2537 2850 2719 2920 magis

448 2951 614 3005 quam
651 2938 800 2992 inter
834 2936 1206 3008 philosophos
1242 2938 1413 2995 debet
1450 2952 1573 2994 esse
1612 2953 1795 3008 aequa
1828 2935 2078 2993 libertas.

468 3058 474 3063 -
501 3053 514 3089 2
588 3024 700 3077 180.
774 3024 1021 3077 Lucanos
1065 3022 1219 3078 kann
1262 3024 1405 3079 nach
1466 3023 1802 3094 damaligem
1849 3021 2382 3092 Sprachgebrauche
2442 3022 2566 3087 (wie
2622 3022 2716 3077 bei

447 3108 639 3164 Horat.
668 3108 726 3165 C.
755 3109 813 3164 11
850 3110 898 3175 8,
929 3112 986 3162 11
1029 3109 1242 3175 Sabini)
1282 3110 1427 3166 auch
1470 3111 1565 3166 ein
1602 3111 1662 3164 in
1699 3109 1952 3164 Lucania
1987 3107 2291 3178 gelegenes
2325 3107 2589 3176 Landgut
2621 3106 2718 3163 be-

447 3195 670 3251 denten.
743 3195 937 3265 Haupt
972 3195 1206 3252 Hermes
1240 3195 1355 3251 VII
1400 3197 1490 3248 181
1519 3216 1583 3241 ==
1612 3194 1753 3265 Opp.
1780 3195 2010 3250 111578.

595 3281 766 3335 Tusca
801 3282 1086 3352 orqmtula.
1140 3281 1298 3338 Mart.
1327 3281 1411 3336 IX
1438 3283 1518 3349 23,
1545 3284 1576 3333 4
1614 3289 1675 3338 et
1697 3284 1864 3337 sonet
1886 3281 2181 3336 innumera
2204 3279 2477 3349 compede
2497 3278 2718 3335 Tuscus

447 3380 595 3436 ager.

585 3453 698 3504 181.
780 3452 1125 3522 Troiuqenae‚
1163 3470 1233 3508 zu
1262 3456 1305 3522 1,
1339 3455 1448 3507 100.
1487 3453 1635 3507 vobio
1659 3451 1934 3524 ique-scitis
1968 3452 2161 3508 Horat.
2191 3450 2242 3507 S.
2273 3452 2300 3506 I
2325 3454 2374 3520 3,
2402 3453 2466 3504 23
2493 3456 2719 3521 egomet

447 3538 522 3592 mi
562 3537 814 3608 ignosco,

590 3624 702 3675 182.
776 3625 1001 3679 cardoni.
1063 3626 1144 3681 Zu
1178 3628 1228 3693 4,
1261 3628 1372 3678 153.

600 3711 822 3764 Volesos.
884 3711 1002 3767 Der
1025 3711 1203 3767 Vater
1239 3712 1340 3767 des
1362 3711 1421 3767 P.
1449 3710 1715 3767 Valerius
1738 3711 2037 3781 Poplicola
2061 3711 2198 3776 (Liv.
2225 3711 2254 3765 I
2280 3712 2345 3763 58
2372 3710 2430 3765 ΙΙ
2458 3712 2539 3775 30)
2564 3710 2717 3766 hiess

445 3796 704 3852 Volesus.
776 3796 887 3851 Ein
922 3795 1195 3865 Ahnherr‚
1231 3796 1477 3853 Volesus
1513 3795 1802 3863 Valerius,
1849 3795 1980 3851 kam
2014 3798 2118 3852 mit
2151 3796 2355 3853 Tatius
2389 3796 2535 3851 nach
2572 3797 2717 3851 Rom

446 3883 632 3947 (Dion.
659 3881 782 3937 Hal.
811 3882 869 3936 Π
896 3884 996 3949 46),
1034 3881 1251 3939 stiftete
1296 3881 1576 3938 zwischen
1623 3881 1739 3937 ihm
1787 3881 1904 3938 und
1951 3882 2228 3938 Romulus
2273 3882 2518 3938 Frieden
2555 3881 2715 3947 (Plut.

351 3986 358 3993 ·
443 3969 601 4038 Popl.
633 3970 696 4035 1),
733 3968 870 4024 liess
907 3968 1029 4025 sich
1065 3969 1216 4024 daun
1262 3969 1322 4023 in
1358 3969 1506 4024 Rom
1550 3968 1748 4024 nieder
1800 3968 1970 4033 (Dion
2006 3967 2041 4021 l.
2077 3971 2144 4031 c.)
2180 3968 2297 4023 und
2345 3966 2715 4023 ilberbrachte

442 4056 547 4111 mit
579 4053 857 4111 Proculus
894 4055 1021 4111 dem
1056 4055 1240 4111 Numa
1276 4055 1387 4110 den
1422 4054 1645 4124 Antrag
1683 4054 1783 4111 der
1817 4052 2129 4123 Nachfolge
2168 4054 2327 4119 (Plut.
2355 4054 2537 4109 Numa
2560 4055 2623 4117 5).

583 4142 696 4193 185.
770 4140 1122 4210 Damasippo.
1179 4141 1368 4198 Selbst
1403 4156 1567 4196 wenn
1591 4140 1839 4198 Juvenal
1872 4156 2018 4210 ganz
2050 4155 2235 4211 gegen
2259 4140 2416 4196 seins
2442 4138 2717 4195 Gewohn-

441 4227 563 4283 heit
597 4227 722 4283 sich
758 4227 917 4283 eines
953 4227 1321 4283 horazischen
1353 4228 1596 4283 Namcns
1631 4228 1788 4284 hatte
1822 4228 2106 4285 bedienen
2140 4226 2360 4291 wellen,
2397 4225 2593 4280 warde
2618 4225 2718 4281 der

442 4314 600 4369 eines
638 4313 815 4368 durch
849 4312 1247 4369 Kunsthandel
1282 4313 1403 4367 und
1427 4312 2228 4383 Grundstllckspeculationen
2270 4311 2576 4368 bankerott
2610 4310 2717 4367 Ge-

439 4399 742 4455 wordenen
772 4398 1081 4469 (Kiessling
1102 4399 1250 4455 Einl.
1278 4415 1349 4454 zu
1373 4399 1505 4454 Hor.
1534 4399 1648 4455 Sat.
1672 4400 1731 4455 II
1757 4402 1803 4465 3)
1841 4399 1962 4456 hier
1996 4398 2178 4468 vollig
2213 4398 2540 4470 uupassend
2574 4398 2712 4455 sein.
