3334 5075
1143 55 1314 113 Liber
1350 57 1594 125 quintus.
1667 55 1873 113 Satura
1908 56 2061 111 XIV.
2615 61 2739 123 567

647 231 1030 316 composuit3
1076 230 1132 296 si
1178 229 1280 296 vis
1325 230 1523 296 aliam
1566 228 1917 316 decerpere
1959 229 2150 297 ficum

647 352 843 427 atque
890 343 1059 410 alias
1104 350 1386 411 tractare
1429 361 1627 427 rosas,
1674 343 2078 411 medicamen
2121 344 2489 412 habendum
2536 353 2651 428 est,

478 464 601 521 255
648 457 911 524 sorbere
954 463 1107 523 ante
1153 456 1365 523 cibum
1411 456 1583 540 quod
1626 455 1864 524 debeat
1908 466 1973 524 et
2014 464 2203 542 pater
2247 465 2312 525 et
2354 452 2514 525 rex?

731 577 1012 637 monstro
1059 572 1457 655 voluptatem
1502 570 1857 654 egregiam,
1905 572 2010 636 cui
2055 570 2238 637 nulla
2281 572 2554 654 theatra,

645 683 824 750 nulla
868 700 1153 765 aequare
1198 701 1403 767 queas
1447 682 1766 768 praetoris
1810 684 2064 768 pulpita
2106 684 2286 766 lauti,

646 796 704 860 si
748 803 1007 880 spectes
1052 801 1295 879 quanto
1339 796 1573 881 capitis
1618 795 1992 862 discrimine
2036 803 2332 863 constent

644 908 1042 974 incrementa
1085 907 1329 990 domus,
1380 913 1605 975 aerata
1647 907 1890 974 multus
1936 909 2004 974 in
2049 927 2202 974 arca

476 1029 600 1088 260
644 1021 837 1087 fiscus
883 1027 951 1087 et
992 1019 1078 1087 ad
1122 1021 1389 1106 vigilem
1432 1021 1716 1106 ponendi
1761 1020 2034 1087 Castora
2076 1023 2320 1087 nummi

647 1153 728 1200 ex
773 1154 898 1217 quo
942 1134 1119 1199 Mars
1162 1133 1348 1199 Vltor
1389 1134 1649 1218 galeam
1696 1152 1952 1216 quoque
1995 1133 2284 1218 perdidit
2326 1143 2390 1202 et
2431 1155 2536 1202 res

643 1267 774 1314 non
816 1248 1026 1332 potuit
1067 1264 1330 1313 servare
1374 1264 1545 1313 suas.
1638 1265 1795 1330 ergo
1839 1248 2057 1312 omnia
2097 1246 2331 1314 Florae

646 1367 713 1427 et
756 1360 1015 1427 Cereris
1057 1359 1215 1426 licet
1257 1366 1323 1426 et
1366 1358 1649 1444 Cybeles
1696 1360 1928 1425 aulaea
1969 1359 2337 1442 relinquas3

642 1481 824 1541 tanto
867 1473 1152 1539 maiores
1194 1471 1481 1538 humana
1524 1472 1788 1556 negotia
1829 1470 1985 1537 ludi.

475 1593 598 1650 265
645 1607 730 1652 an
775 1586 984 1670 magis
1031 1584 1357 1651 oblectant
1398 1585 1683 1651 animum
1727 1585 1969 1650 iactata
2011 1590 2282 1669 petauro

679 1778 773 1829 261
789 1792 832 1832 s.
905 1776 1099 1832 Horat.
1126 1774 1195 1832 A.
1220 1775 1281 1830 P.
1309 1775 1408 1827 329
1444 1788 1561 1829 rem
1595 1774 1814 1844 poteris
1851 1789 2074 1831 servare
2113 1780 2281 1830 tuam.

611 1926 728 1977 255.
801 1927 853 1977 et
877 1927 1044 1993 pater
1079 1926 1131 1977 et
1164 1940 1272 1976 rex.
1345 1921 1531 1978 Ueber
1579 1922 1675 1977 die
1710 1920 2039 1993 Emporung
2090 1923 2279 1979 seines
2316 1922 2532 1980 Sohnes
2566 1923 2735 1979 Phar—

476 2026 648 2066 naces
682 2010 805 2065 Liv.
831 2009 1086 2066 Perioch.
1113 2006 1221 2065 ΟΠ
1254 2009 1373 2064 und
1408 2007 1562 2064 Cass.
1588 2007 1705 2064 Dio
1741 2007 2025 2063 XXXVII
2055 2010 2132 2060 13.

609 2097 861 2148 256-64.
932 2094 1136 2165 Vgl.5‚
1168 2097 1263 2147 157
1302 2109 1444 2165 quae
1480 2095 1793 2162 comoedia,
1828 2094 2032 2151 mimus
2068 2093 2210 2160 Quis
2244 2096 2442 2152 melior
2476 2096 2735 2166 plorante

607 2272 723 2322 257.
788 2268 1064 2338 praetoris
1088 2268 1326 2339 pulpita.
1397 2268 1526 2326 Den
1559 2268 1834 2324 Pratoren
1868 2267 2026 2325 hatte
2061 2266 2293 2337 August
2328 2270 2403 2325 im
2435 2270 2610 2327 Jahre
2635 2273 2732 2324 732

469 2354 565 2413 die
601 2373 738 2412 cura
769 2355 1033 2411 ludorum
1069 2354 1422 2424 fibertragen.
1496 2356 1578 2411 Zu
1616 2357 1807 2422 8,194.

607 2444 723 2496 260.
796 2441 915 2497 Das
949 2440 1281 2511 Deponiren
1314 2457 1430 2497 von
1467 2440 1714 2498 Geldern
1750 2440 1913 2506 (auch
1946 2439 2343 2509 kaiserlichen)
2379 2444 2441 2499 in
2462 2443 2736 2515 Tempeln

468 2547 585 2587 war
628 2529 997 2601 gewohnlich.
1080 2526 1317 2595 Quintil.
1357 2527 1448 2584 111
1491 2530 1538 2596 6,
1576 2531 1666 2582 41:
1717 2529 1811 2586 die
1856 2530 2054 2601 Frage,
2101 2532 2250 2589 sitne
2286 2531 2599 2602 sacrilegus
2634 2533 2732 2603 qui

465 2618 767 2689 pecuniam
800 2618 1083 2687 privatam
1120 2631 1189 2672 ex
1225 2617 1437 2686 templo
1471 2615 1693 2672 furatus
1729 2620 1830 2673 est.
1891 2615 2019 2687 Vgl.
2056 2618 2139 2673 Id.
2165 2618 2280 2674 VII
2315 2620 2364 2686 3,
2396 2621 2457 2671 10
2491 2634 2544 2673 ιι.
2572 2618 2730 2676 oster.

468 2705 770 2762 Herodian.
807 2703 837 2758 1
883 2706 961 2772 14,
1008 2704 1040 2756 2
1089 2703 1302 2763 ἕκαστος
1349 2702 1405 2755 δὲ
1452 2701 1486 2755 ἃ
1533 2701 1669 2775 εἶχεν
1713 2703 1879 2756 ἐκεῖσε
1928 2704 2021 2767 (im
2067 2704 2561 2775 Friedenstempel)
2610 2705 2733 2778 ἐθη-

469 2791 744 2863 σαυρίζετο.
793 2788 929 2844 ἀλλὰ
961 2791 1019 2843 τὸ
1055 2794 1156 2859 πῦρ
1193 2787 1389 2860 ἐκείνης
1412 2788 1593 2850 νυκτὸς
1616 2788 1841 2849 πολλοὺς
1867 2790 1927 2843 ἐκ
1950 2789 2208 2846 πλουσίων
2231 2791 2454 2863 πένητας
2479 2792 2731 2863 ἐποίησεν.

465 2879 599 2935 Erst
632 2877 961 2935 Alexander
997 2876 1240 2933 Severus
1287 2876 1424 2942 (vita
1460 2877 1542 2942 39)
1592 2876 1745 2945 legte
1792 2875 1994 2933 horrea
2037 2877 2271 2947 publica
2323 2894 2419 2945 an,
2467 2879 2542 2933 ad
2586 2893 2731 2948 quae

468 2964 788 3021 conferrent
822 2964 974 3021 bona
1007 2964 1053 3020 ii
1089 2964 1187 3034 qni
1223 2964 1479 3033 privatas
1515 2963 1810 3020 custodias
1844 2979 1960 3019 non
1996 2963 2283 3021 haberent.
2352 2964 2471 3021 Der
2504 2964 2730 3021 Castor-

466 3052 674 3122 tempel
710 3067 798 3107 am
833 3051 1040 3106 Forum
1078 3050 1329 3117 (Richter
1362 3049 1609 3120 Topogr.
1650 3052 1766 3115 792)
1803 3051 2030 3121 eignete
2067 3051 2188 3107 sich
2236 3053 2381 3108 dazu
2424 3052 2731 3109 besonders

465 3153 665 3208 wegen
711 3139 899 3195 seiner
944 3152 1183 3207 grossen
1230 3136 1706 3193 Substructionen
1755 3136 2093 3203 (Hirschfeld
2139 3137 2259 3195 VG.
2287 3136 2340 3194 S.
2378 3140 2425 3205 3,
2461 3137 2625 3193 Anm.
2663 3141 2727 3203 4).

480 3224 630 3296 Viqil
686 3225 877 3279 Caum·
920 3224 1100 3281 heisst
1145 3240 1205 3281 er
1253 3238 1453 3293 wegen
1500 3224 1599 3279 des
1650 3222 1749 3277 ihn
1808 3223 2227 3280 bewachenden
2287 3224 2731 3294 Miliffirpostens

470 3309 589 3377 (SG.
618 3310 706 3365 ΠΙ
730 3312 848 3378 604,
875 3312 950 3377 5);
986 3310 1098 3379 vgl.
1126 3326 1196 3365 m
1233 3312 1280 3379 2,
1310 3312 1422 3362 170.

603 3398 719 3449 261.
790 3395 907 3451 Der
940 3395 1227 3452 Einbruch
1262 3396 1323 3450 in
1371 3396 1483 3452 den
1517 3394 1750 3466 Tempel
1788 3396 1886 3453 des
1920 3398 2069 3456 Mars
2104 3399 2282 3469 Ultor,
2320 3398 2424 3455 auf
2452 3400 2562 3455 den
2596 3398 2728 3455 Juv.

463 3483 588 3541 hier
630 3483 891 3552 anspielt‚
928 3483 1073 3538 wird
1107 3488 1267 3539 sonst
1299 3483 1541 3554 nirgend
1576 3483 1843 3539 erwahnt.
1914 3483 2043 3556 Vgl.
2083 3488 2185 3544 das
2221 3487 2392 3544 schol.

602 3571 891 3623 262-263.
979 3568 1090 3624 Die
1161 3568 1285 3625 ludi
1345 3569 1697 3640 Megalenses
1759 3573 1998 3636 (4.-10.
2054 3572 2239 3643 April)
2299 3573 2418 3628 und
2474 3570 2728 3627 Florales

464 3659 563 3724 (28.
590 3655 757 3727 April
779 3686 850 3697 -
874 3658 919 3709 3.
945 3656 1076 3727 Mai,
1111 3657 1222 3726 vgl.
1250 3659 1298 3725 6,
1325 3659 1442 3721 250)
1479 3671 1666 3712 waren
1717 3670 1832 3713 von
1878 3655 2111 3729 Anfang·
2162 3675 2234 3714 an
2282 3658 2552 3715 scenisch.
2622 3657 2726 3713 Bei

465 3745 575 3801 den
609 3744 732 3800 ludi
768 3742 1018 3800 Ceriales
1053 3744 1306 3811 (12.—19.
1332 3741 1515 3813 April)
1551 3743 1781 3800 werden
1815 3745 2108 3802 scenische
2143 3744 2335 3815 Spiele
2381 3750 2495 3801 erst
2530 3744 2591 3799 in
2627 3743 2726 3800 der

460 3830 780 3887 Kaiserzeit
814 3830 1079 3886 erwithnt
1152 3828 1285 3886 StV.
1314 3829 1404 3885 111
1430 3832 1716 3883 500-502.

600 3919 715 3971 263.
788 3918 988 3972 aulaea.
1060 3914 1187 3987 vgl.
1216 3919 1263 3984 o,
1290 3918 1370 3970 67.

598 4005 714 4056 265.
784 4003 975 4059 Manil.
1001 4002 1056 4059 V
1080 4004 1181 4055 439
1200 4019 1272 4059 ss.
1300 4018 1540 4073 corpora
1563 4019 1710 4074 quae
1733 4004 1927 4060 valido
1965 4003 2178 4061 saliunt
2213 4021 2452 4062 excussa
2486 4010 2726 4074 petauro

461 4096 568 4148 etc.
650 4089 829 4145 Lucil.
873 4089 936 4145 fr.
989 4091 1086 4142 100
1120 4089 1176 4146 Μ
1230 4090 1383 4146 sicut
1440 4090 1754 4147 mechanici
1808 4107 1935 4147 cum
1988 4092 2110 4148 alto
2165 4093 2417 4151 exiluere
2472 4096 2724 4164 petauro.
