3334 5075
1135 356 1304 412 Liber
1340 357 1559 412 tertius.
1632 355 1839 412 Satura
1874 356 1972 411 lx.
2558 359 2683 420 443

587 527 925 595 commoda
968 535 1311 611 praeterea
1351 528 1703 611 iungentur
1743 529 1952 593 multa
1994 527 2276 609 caducis,

461 649 540 705 90
587 641 644 705 si
688 659 1045 720 numerum,
1092 640 1150 705 si
1195 647 1328 706 tres
1372 631 1770 723 implevero.³
1854 639 2030 705 iusta
2072 638 2331 719 doloris,

587 750 901 832 Naevole,
950 769 1152 817 causa
1192 751 1316 830 tui;
1363 758 1589 818 contra
1632 758 1854 817 tamen
1898 750 2012 816 ille
2057 749 2216 833 quid
2260 749 2524 817 adfert?

671 855 982 947 ‘neglegit
1026 869 1221 945 atque
1266 863 1466 927 alium
1511 861 1818 945 bipedem
1860 862 1986 927 sibi
2031 861 2287 944 quaerit
2330 861 2621 928 asellum.

585 971 750 1038 haec
794 973 918 1039 soli
963 973 1307 1039 commissa
1349 973 1470 1039 tibi
1517 972 1738 1040 celare
1782 979 2125 1054 memento,

590 1089 656 1148 et
697 1084 933 1149 tacitns
977 1091 1236 1150 nostras
1278 1085 1454 1150 intra
1495 1091 1563 1150 te
1607 1084 1738 1167 fige
1783 1084 2131 1166 querellas.

464 1199 544 1256 95
593 1212 743 1258 nam
787 1212 893 1259 res
936 1193 1273 1261 mortifera
1317 1202 1417 1261 est
1458 1195 1761 1261 inimicus
1804 1196 2061 1279 pumice
2104 1195 2297 1274 levis3

592 1304 704 1386 qui
747 1303 938 1369 modo
983 1312 1305 1371 secretum
1350 1306 1813 1386 commisserat
1862 1306 2054 1373 ardet
2096 1312 2162 1371 et
2206 1304 2363 1388 odit,

591 1421 922 1497 tamquam
965 1413 1360 1497 prodiderim
1404 1416 1724 1499 quidquid
1768 1418 1920 1483 scio.
2012 1435 2267 1483 sumere
2313 1416 2569 1497 ferrum,

591 1525 764 1591 fuste
808 1525 1071 1608 aperire
1114 1532 1325 1609 caput,
1374 1525 1717 1592 candelam
1762 1526 2093 1611 adponere
2137 1528 2352 1594 valvis

591 1656 720 1702 non
766 1634 1040 1702 dubitat.
1127 1654 1251 1701 nec
1294 1643 1669 1702 contemnas
1714 1645 1826 1704 aut
1868 1638 2195 1722 despicias
2241 1638 2416 1720 quod

430 1756 546 1812 100
592 1747 698 1814 his
741 1747 974 1832 opibus
1017 1765 1370 1829 numquam
1415 1765 1570 1813 cara
1616 1754 1717 1812 est
1759 1768 2021 1815 annona
2063 1751 2320 1815 veneni.

593 1879 748 1943 ergo
793 1856 1047 1922 occulta
1089 1863 1294 1939 teges,
1344 1863 1414 1922 ut
1458 1856 1640 1922 curia
1682 1858 1911 1924 Martis
1955 1854 2277 1925 Athenis.³

420 2012 609 2081 portio
658 2011 877 2065 caduca
921 2010 987 2066 fit
1032 2015 1091 2064 et
1134 2010 1208 2065 ad
1255 2025 1349 2065 eos
1395 2010 1666 2078 pertinet,
1725 2010 1825 2079 qui
1870 2011 1930 2066 iu
1977 2026 2046 2067 eo
2095 2015 2431 2069 testamento
2480 2013 2689 2069 liberos

421 2097 645 2153 habent.
1798 2149 1801 2152 .

559 2185 642 2235 89.
678 2185 760 2234 90.
833 2180 954 2236 Das
990 2180 1081 2236 ius
1106 2180 1276 2236 trium
1301 2179 1606 2235 liberorum
1638 2180 1925 2249 gewahrte
1948 2182 2363 2251 Bevorzugung
2385 2183 2481 2239 bei
2504 2182 2691 2240 Amts-

421 2268 838 2337 bewerbungen
885 2265 1003 2321 und
1039 2264 1414 2333 Vertheilung
1461 2265 1562 2321 der
1612 2265 1959 2333 Provinzen,
2004 2266 2265 2336 Vorrang
2310 2283 2415 2323 vor
2459 2268 2694 2324 Andern

420 2354 682 2424 gleichen
705 2353 940 2422 Ranges
977 2351 1115 2407 oder
1151 2366 1253 2406 vor
1275 2349 1566 2419 Collegen,
1600 2350 1912 2420 Befieiung
1944 2367 2060 2407 von
2097 2352 2207 2407 den
2230 2352 2500 2409 Aemtern
2536 2356 2693 2411 eines

422 2438 790 2505 Vormundes‚
827 2437 1093 2494 Richters
1127 2453 1183 2491 u.
1209 2452 1276 2502 a„
1314 2435 1459 2491 auch
1495 2435 1792 2491 Vortheile
1826 2437 1902 2490 im
1937 2437 2214 2494 Erbrecht
2258 2439 2366 2502 (bei
2397 2438 2696 2496 Erbschaft

422 2526 522 2583 der
557 2524 765 2582 Gatten
802 2531 967 2580 unter
1003 2523 1274 2579 einander
1312 2523 1428 2578 und
1463 2521 1556 2577 bei
1593 2522 1896 2591 Beerbung
1930 2522 2030 2579 der
2064 2523 2561 2593 Freigelassenen).

559 2613 642 2663 92.
715 2611 948 2663 asellum.
1019 2610 1303 2663 Burmann
1340 2624 1410 2662 zu
1443 2607 1771 2662 Petron.24.
1818 2607 1934 2664 vit„
1969 2607 2263 2665 Commodi
2305 2614 2367 2663 10
2401 2611 2603 2668 habuit
2638 2618 2696 2668 et

420 2696 704 2752 hominem
721 2709 868 2763 pene
885 2694 1242 2762 prominente
1260 2694 1410 2749 ultra
1427 2693 1654 2747 modum
1675 2692 2001 2748 animalium
2013 2710 2180 2763 quem
2199 2711 2351 2750 onon
2370 2695 2697 2766 appellabat

423 2782 535 2838 sibi
572 2780 936 2837 carissimum.

560 2869 644 2919 94.
698 2870 836 2938 μμ.
908 2865 989 2919 Ζιι
1026 2867 1073 2931 5,
1103 2866 1180 2916 12.

560 2954 643 3005 95.
706 2948 924 3021 pumice
958 2949 1103 3016 levis,
1139 2951 1252 3019 vgi.
1280 2952 1328 3016 8,
1369 2951 1433 3001 16
1468 2950 1517 3005 si
1555 2956 1811 3005 tenerum
1856 2950 2086 3005 attritus
2128 2948 2423 3007 Catinensi
2470 2953 2695 3020 pumice

422 3038 674 3094 lumbum
710 3034 1038 3105 Squalentis
1073 3035 1326 3091 traducit
1361 3050 1515 3089 avos.

560 3124 644 3174 96.
713 3120 902 3176 Ueber
938 3121 1048 3177 den
1083 3119 1489 3189 Widerspruch
1525 3119 1714 3174 dieser
1749 3118 1923 3175 Stelle
1959 3121 2065 3175 mit
2100 3122 2147 3186 3,
2174 3123 2240 3172 49
2276 3119 2433 3175 siehe
2471 3120 2615 3176 dort.

561 3205 930 3260 commisceret.
1002 3205 1189 3263 Ueber
1225 3222 1282 3261 ss
1317 3204 1463 3260 nach
1499 3204 1711 3274 langen
1734 3204 1999 3275 Vokalen
2034 3204 2146 3275 vgl.
2182 3203 2424 3261 Corsseu
2460 3203 2693 3274 Ausspr.

423 3310 478 3349 u.
504 3290 818 3348 Vokalism.
845 3291 899 3344 Ῑ2
923 3292 1024 3343 282
1048 3292 1102 3346 ff.
1130 3291 1237 3347 SG.
1264 3291 1326 3345 ΙΙ
1351 3292 1465 3343 512.
1517 3290 1608 3345 Da
1630 3290 1868 3356 Quintil.
1896 3290 1921 3343 I
1951 3293 1997 3356 7,
2019 3292 2086 3343 20
2111 3290 2268 3346 diese
2288 3289 2696 3360 orthographie

425 3377 509 3434 als
556 3377 685 3432 eine
729 3375 830 3430 der
877 3377 1004 3431 Zeit
1046 3375 1276 3432 Ciceros
1322 3375 1440 3430 und
1486 3375 1705 3444 Virgils
1752 3375 2096 3444 angehorige
2142 3376 2496 3443 bezeichnet,
2542 3376 2696 3431 kann

425 3462 572 3519 auch
605 3460 851 3517 Juvenal
885 3459 1045 3516 nicht
1078 3477 1143 3517 so
1178 3460 1550 3530 geschrieben
1583 3460 1784 3515 haben.

561 3547 715 3600 ardet
750 3560 810 3601 er
846 3545 1149 3601 entbrennt
1183 3547 1245 3600 in
1268 3545 1444 3601 Wuth
1466 3545 1585 3600 und
1608 3544 1827 3611 Scham,
1864 3545 2033 3601 einen
2056 3546 2357 3603 Mitwisser
2392 3563 2462 3601 zu
2496 3545 2694 3602 haben.

566 3633 649 3684 98.
711 3634 871 3702 fuste
907 3630 1122 3700 aperire
1156 3635 1332 3700 caput.
1404 3633 1453 3696 4,
1485 3632 1581 3683 110
1618 3631 1800 3687 teneri
1840 3631 2068 3711 iugulos
2103 3633 2323 3702 aperire
2359 3647 2602 3688 susurro.

564 3715 836 3770 candelam
870 3716 1136 3785 adponere
1171 3715 1355 3771 valvis.
1414 3715 1542 3785 Vgl.
1575 3718 1651 3782 13,
1683 3718 1780 3768 146
1807 3716 2001 3772 confer
2023 3716 2380 3773 Conductum
2406 3716 2697 3782 latronem,

426 3802 693 3859 incendia
728 3800 959 3870 sulpure
995 3807 1201 3871 coepta
1224 3801 1415 3870 Atque
1452 3802 1602 3867 dolo,
1638 3802 1852 3870 primos
1888 3819 2014 3858 cum
2050 3804 2224 3858 ianua
2258 3802 2485 3872 colligit
2520 3804 2696 3872 ignes.

567 3890 680 3939 100.
743 3904 871 3940 cara
917 3891 994 3940 eat
1041 3905 1252 3941 annona
1299 3887 1500 3940 veneni.
1584 3887 1718 3942 Hor.
1752 3888 1895 3956 Epp.
1922 3888 2058 3955 112,
2100 3890 2164 3940 24
2209 3888 2344 3943 vilis
2391 3889 2697 3943 amicorum

428 3988 667 4029 annona.
740 3971 867 4041 Vgl.
895 3972 1040 4028 auch
1078 3974 1125 4039 8,
1156 3976 1218 4026 17
1257 3980 1588 4042 emptorque
1625 3974 1848 4028 veneni.

568 4060 681 4110 101.
754 4058 908 4111 curia
945 4058 1152 4112 Martis
1173 4058 1415 4125 Athena,
1454 4059 1552 4115 der
1575 4057 1862 4128 Areopag,
1901 4059 2106 4113 dessen
2130 4058 2440 4126 Sitzungen
2475 4057 2696 4126 geheim

427 4157 689 4213 gewesen
715 4159 785 4197 zu
808 4143 934 4197 sein
957 4143 1243 4200 scheiuen.
1271 4143 1593 4209 (Demosth.)
1617 4146 1699 4211 25,
1714 4146 1778 4196 23
1803 4146 1860 4197 τὸ
1882 4145 1976 4214 τὴν
2004 4141 2057 4206 ἐξ
2074 4137 2274 4212 Ἀρείου
2295 4143 2459 4213 πάγου
2488 4141 2698 4212 βουλήν,

428 4229 549 4282 ὅταν
588 4228 642 4280 ἐν
677 4230 742 4302 τῇ
781 4227 1022 4299 βασιλείῳ
1059 4231 1185 4300 στοᾷ
1217 4228 1549 4300 καθεζομένη
1586 4228 2037 4303 περισχοινίσηται,
2073 4228 2207 4281 κατὰ
2241 4226 2441 4298 πολλὴν
2477 4227 2698 4300 ἡσυχίαν

429 4314 508 4386 ἐφ’
534 4314 723 4386 ἑαυτῆς
757 4312 892 4368 εἶναι
925 4314 1011 4367 καὶ
1045 4311 1272 4375 ἅπαντας
1309 4315 1539 4369 ἐκποδὼν
1566 4314 1881 4388 ἀποχωρεῖν.
1931 4313 2166 4379 Gilbert‚
2193 4313 2338 4368 Hdb.
2367 4314 2466 4369 der
2488 4315 2698 4384 griech.
