3334 5075
1133 357 1302 413 Liber
1336 357 1566 427 primus.
1638 356 1842 414 Satura
1878 357 1974 413 IV.
2562 363 2688 427 249

603 535 667 595 et
712 526 952 594 domini
999 526 1239 611 gladiis
1280 535 1415 594 tam
1457 528 1804 606 festinata;
1851 526 1969 594 sed
2012 530 2161 595 olim

597 639 894 725 prodigio
937 659 1057 723 par
1102 645 1203 706 cst
1243 641 1313 705 in
1358 639 1697 706 nobilitate
1742 648 2060 723 senectae,

596 749 771 817 unde
813 751 886 816 fit
928 757 1000 817 ut
1041 751 1267 816 malim
1309 750 1700 818 fraterculus
1747 770 1893 818 esse
1936 753 2238 837 gigantis.

596 862 839 947 profuit
884 882 1038 947 ergo
1081 862 1247 927 nihil
1290 863 1547 944 misero,
1598 862 1773 946 quod
1815 866 2172 930 comminus
2215 884 2401 931 ursos

434 983 460 1037 1
475 982 551 1039 00
597 974 839 1059 figebat
882 972 1198 1040 Numidas
1241 974 1500 1041 Albana
1545 973 1758 1041 nudus
1802 974 2050 1041 harena

595 1093 878 1151 venator.
970 1087 1117 1167 quis
1163 1086 1335 1151 enim
1378 1087 1509 1151 iam
1552 1105 1684 1151 non
1725 1086 2067 1172 intellegat
2109 1094 2281 1153 artes

593 1194 951 1281 patricias?
1001 1197 1146 1278 quis
1190 1198 1472 1281 priscum
1515 1196 1684 1262 illud
1727 1198 1997 1264 miratur
2039 1218 2329 1280 acumen,

593 1308 809 1389 Brute,
856 1307 1084 1372 tuum?
1133 1307 1325 1373 facile
1369 1314 1470 1373 est
1511 1307 1785 1374 barbato
1829 1309 2142 1393 inponere
2185 1311 2342 1395 regi.

594 1438 714 1484 nec
756 1420 984 1484 melior
1026 1420 1209 1484 vultu
1254 1421 1552 1501 quamvis
1596 1419 1908 1504 ignobilis
1952 1421 2088 1487 ibat

429 1537 548 1594 105
594 1530 888 1612 Rubrius,
940 1529 1227 1596 offensae
1271 1530 1514 1595 veteris
1558 1549 1709 1595 reus
1755 1537 1950 1613 atque
1995 1532 2329 1613 tacendae,

629 1686 711 1736 97.
784 1684 845 1738 in
870 1700 961 1752 pm
997 1683 1305 1738 &mundam
1339 1683 1642 1738 litterarum
1676 1702 1883 1739 erasm
1916 1684 1976 1738 in
2011 1685 2067 1740 P
2096 1701 2223 1741 cum
2261 1685 2526 1740 Pithoeus.

627 1771 708 1822 98.
778 1768 1050 1838 gigantis]
1089 1769 1386 1838 gigantum
1422 1787 1454 1831 ς
1478 1768 1808 1824 Priscianus.

559 1908 641 1958 98.
710 1905 980 1960 Priscian.
1007 1906 1099 1961 111
1127 1908 1173 1972 5,
1201 1908 1266 1958 26
1304 1905 1468 1962 GLK.
1495 1907 1555 1962 II
1584 1909 1699 1974 101,
1729 1908 1792 1959 19
1831 1911 1911 1972 (ut
1944 1906 2235 1963 Iuvenalis
2271 1907 2331 1961 in
2367 1913 2681 1964 saturarum

423 1992 516 2047 111
558 1994 709 2057 [uum
745 1991 771 2044 Ι
787 1991 814 2043 ⁴?
849 1991 997 2058 Keil]
1034 1991 1184 2046 unde
1220 1990 1286 2047 fit
1320 1997 1386 2047 ut
1418 1992 1607 2048 malim
1643 1991 1976 2048 fraterculus
2013 2007 2136 2049 esse
2171 1994 2500 2062 gigantum).

558 2113 638 2164 96.
710 2111 926 2179 domini,
985 2112 1096 2166 wie
1143 2111 1266 2167 sich
1300 2111 1594 2168 Domitian
1641 2118 1827 2170 zuerst
1873 2111 2106 2169 officiell
2151 2113 2213 2168 in
2264 2113 2376 2169 den
2420 2113 2683 2168 Erlassen

419 2197 608 2254 seiner
640 2198 911 2252 Beamten
943 2211 1169 2252 nennen
1203 2198 1339 2253 liess
1377 2198 1529 2263 (aber
1560 2198 1722 2255 nicht
1756 2199 1853 2264 da,
1889 2214 1980 2254 wo
2017 2213 2076 2254 er
2111 2199 2174 2254 in
2209 2198 2436 2268 eigcner
2470 2199 2680 2255 Person

419 2283 652 2353 sprach),
712 2282 846 2339 StR.
873 2282 958 2336 11³
982 2284 1098 2350 759,
1124 2285 1170 2336 3.

557 2368 683 2422 olim
716 2385 788 2423 zu
821 2369 870 2434 3,
899 2368 1012 2420 163.

554 2457 638 2508 98.
695 2454 1036 2526 fraterculus
1059 2482 1125 2492 —
1146 2453 1391 2524 qiyantis.
1453 2454 1543 2509 Da
1578 2454 1673 2509 die
1699 2455 1987 2524 Giganten
2009 2454 2195 2511 suune
2231 2454 2330 2511 der
2351 2455 2501 2511 Erde
2534 2455 2677 2521 sind,

419 2540 628 2597 erklart
658 2556 786 2595 man
822 2547 1006 2595 terrae
1040 2539 1191 2596 filius
1228 2541 1304 2595 im
1340 2540 1862 2610 sprichwortliohen
1895 2541 2072 2597 Sinue
2108 2540 2258 2607 (Otto
2295 2542 2415 2610 Spr.
2439 2548 2590 2597 terra
2613 2544 2677 2607 2).

415 2626 548 2681 Min.
597 2625 713 2681 Fel.
763 2623 882 2679 Oct.
930 2626 1013 2692 21,
1052 2627 1081 2676 7
1140 2625 1422 2695 ignobiles
1476 2631 1536 2681 et
1582 2627 1811 2696 ignotos
1858 2627 2066 2683 Terrae
2112 2625 2263 2682 filios
2311 2628 2676 2683 nominamus.

416 2711 543 2781 Vgl.
581 2711 713 2766 Cen.
750 2709 918 2765 Trim.
957 2710 1012 2765 S.
1039 2712 1155 2763 236.
1226 2712 1390 2767 Doch
1423 2711 1717 2769 vielleicht
1748 2713 1862 2781 gab
1897 2728 1959 2769 es
1994 2715 2089 2768 ein
2121 2713 2408 2779 Marchem
2455 2714 2515 2768 in
2552 2714 2677 2768 dem

414 2798 512 2853 ein
544 2796 766 2852 kleiner
800 2796 919 2851 und
952 2796 1275 2852 schwacher
1296 2798 1512 2854 Bruder
1546 2798 1733 2855 einem
1767 2798 2019 2868 riesigen
2040 2798 2539 2867 gegenilberstand
2561 2799 2678 2853 und

416 2883 477 2938 in
513 2887 687 2939 steter
720 2881 909 2951 Angst
943 2898 1045 2937 vor
1080 2882 1195 2936 ihm
1230 2881 1397 2939 lebte.

550 2971 633 3021 99.
703 2967 993 3022 cominu-2
1014 2984 1166 3020 ursos
1188 2966 1415 3037 Fiqcbat
1438 2968 1703 3025 Menidas
1725 2984 1798 3023 zu
1820 2970 1902 3021 95.
1952 2967 2136 3025 Ueber
2162 2970 2265 3025 das
2291 2968 2675 3025 Vorkommen

413 3069 529 3110 von
561 3055 745 3111 Bliren
780 3053 841 3108 in
875 3053 1180 3109 Numidica
1215 3052 1321 3109 SG.
1348 3053 1408 3107 II
1434 3056 1549 3106 540.

555 3142 670 3193 101.
739 3143 882 3193 artos
918 3138 1192 3193 Patriciae
1223 3155 1296 3194 zu
1337 3141 1378 3207 1,
1406 3141 1490 3192 24„

554 3227 667 3278 103.
727 3224 907 3297 facilc
938 3229 1015 3279 ost
1038 3224 1254 3279 barbato
1277 3224 1531 3293 inponere
1552 3223 1682 3295 roffi.
1730 3223 2091 3293 Anspielung
2115 3223 2221 3279 auf
2237 3224 2331 3281 die
2353 3223 2675 3294 Erziihlung

414 3312 534 3366 Liv.
562 3312 591 3366 1
617 3313 697 3363 56.
725 3312 806 3379 59,
844 3310 977 3366 dass
1010 3311 1219 3365 Brutus
1256 3310 1364 3367 den
1401 3310 1690 3366 Verdacht
1725 3311 1824 3365 des
1858 3310 2202 3379 Tarquinius
2227 3309 2516 3379 Superbus
2551 3310 2675 3365 imi·

408 3397 630 3454 tatione
666 3396 946 3453 stultitiae
980 3394 1261 3452 ablenkte.

550 3482 769 3537 barbato
784 3481 999 3552 -ηρί,
1053 3484 1205 3549 16,31
1229 3483 1462 3551 dignum
1486 3481 1743 3538 barba—
1762 3482 2108 3550 dignumque
2132 3480 2358 3549 capillis
2381 3481 2670 3538 Maiorum.

412 3567 596 3624 Ueber
643 3569 745 3624 das
787 3567 1013 3637 Tragen
1054 3568 1250 3637 langer
1291 3568 1476 3623 Haare
1522 3568 1639 3622 und
1673 3568 1842 3622 Barte
1888 3567 1983 3622 bei
2029 3567 2140 3623 den
2175 3568 2422 3623 Romern
2470 3568 2530 3623 in
2575 3568 2674 3623 der

413 3654 594 3710 iiltern
628 3654 756 3709 Zeit
787 3652 895 3708 PrI.
922 3655 1038 3720 598,
1066 3656 1112 3705 2.
1184 3652 1301 3709 Cic.
1329 3652 1478 3709 Cael.
1521 3657 1599 3721 14,
1626 3654 1690 3705 33
1729 3651 1829 3707 illa
1861 3651 2092 3707 horrida
2128 3653 2361 3720 (barba),
2410 3668 2578 3722 quam
2614 3654 2673 3707 in

413 3740 618 3795 statuis
654 3739 905 3809 antiquis
942 3744 1113 3808 atque
1150 3739 1493 3808 imaginibus
1527 3738 1802 3794 videmus.
1874 3735 2016 3794 Sest.
2045 3741 2092 3805 8,
2121 3740 2184 3791 19
2219 3755 2392 3795 unum
2429 3739 2673 3808 aliquem

408 3830 471 3881 te
508 3841 585 3880 ex
626 3824 878 3880 barbatis
923 3823 1039 3881 illis
1072 3822 1391 3893 exemplum
1427 3825 1651 3893 imperii
1686 3824 1922 3891 veteris,
1971 3825 2275 3894 imaginem
2310 3826 2672 3894 antiquitatis

420 3939 481 3950 —
515 3910 734 3966 diceres
783 3910 1007 3965 intueri.
1078 3911 1200 3965 Fiu.
1228 3909 1313 3966 IV
1336 3912 1418 3978 23,
1446 3912 1511 3962 62
1549 3910 1706 3980 quod
1739 3910 1962 3979 antiqui
1999 3909 2086 3965 illi
2122 3910 2284 3979 quasi
2321 3910 2542 3966 barbati
2592 3914 2674 3973 (ut

410 4011 517 4052 nos
553 3996 624 4051 de
658 3996 869 4052 nostris
902 3994 1149 4051 solemus
1186 3996 1391 4061 dicere)
1419 3995 1780 4052 crediderint.
1816 3995 2027 4050 Mareu.
2058 3997 2136 4055 12,
2162 3996 2228 4047 26
2252 3995 2392 4050 haec
2417 3995 2529 4050 iam
2553 3999 2672 4049 tum

411 4082 566 4150 apud
601 4080 731 4138 illos
765 4081 1033 4137 barbatos
1068 4081 1328 4148 ridicula,
1371 4082 1556 4149 credo,
1593 4080 1951 4138 videbantur.

552 4169 663 4219 105.
736 4166 1008 4233 Rubrius,
1066 4169 1297 4239 offensae
1349 4167 1541 4222 vetaris
1593 4186 1716 4222 rm
1765 4172 1927 4236 atquc
1975 4166 2236 4219 tacendae.
2309 4164 2441 4220 Wol
2487 4165 2670 4221 sicher

410 4251 663 4308 Rubrius
709 4251 928 4320 Gallus,
978 4268 1094 4308 von
1136 4253 1284 4309 Nero
1309 4254 1374 4304 68
1410 4267 1595 4322 gegen
1630 4253 1812 4310 Galba
1859 4252 1976 4307 und
2009 4251 2318 4320 Verginius
2353 4250 2538 4307 Rufus
2573 4267 2669 4321 ge·

411 4338 593 4405 sandt,
632 4337 783 4393 daun
817 4338 966 4394 Nero
1003 4344 1207 4394 unu-eu
1242 4339 1361 4393 und
1394 4339 1577 4408 Legat
1611 4340 1713 4394 des
1749 4336 1894 4393 Otho
1931 4338 2045 4392 Dio
2070 4338 2262 4393 LXIII
2287 4340 2368 4390 27.
2439 4336 2571 4392 Tac.
2599 4338 2666 4392 H.
