3334 5075
1136 354 1308 411 Liber
1343 359 1593 425 quartus.
1666 353 1874 410 Satura
1908 355 1976 409 X.
2568 360 2692 421 477

424 534 549 591 240
595 534 666 592 ut
710 524 981 610 vigeant
1022 544 1255 592 sensus
1300 526 1519 608 animi,
1567 524 1866 593 ducenda
1908 532 2125 592 tamen
2171 532 2321 591 sunt

591 637 822 703 funera
863 645 1179 719 natorum,
1227 656 1425 722 rogus
1469 636 1888 721 aspiciendus
1933 643 2188 703 amatae

594 749 890 832 coniugis
935 755 1001 814 et
1041 747 1266 814 fratris
1309 749 1678 833 plenaeque
1723 749 2051 824 sororibus
2096 766 2315 814 urnae.

593 860 759 926 haec
799 858 960 926 data
1001 879 1215 943 poena
1259 858 1371 925 diu
1415 860 1807 942 viventibus,
1855 866 1925 925 ut
1968 866 2284 925 renovata

594 990 852 1055 semper
898 970 1088 1036 clade
1133 970 1360 1036 domus
1403 971 1626 1036 multis
1672 970 1742 1035 in
1786 969 2068 1036 luctibus
2112 972 2313 1053 inque

423 1090 544 1146 245
591 1088 906 1167 perpetuo
951 1100 1244 1146 maerore
1291 1087 1356 1147 et
1399 1081 1591 1165 nigra
1633 1088 1821 1147 veste
1864 1087 2224 1147 senescant.

594 1212 711 1258 rex
754 1192 998 1277 Pylius,
1046 1211 1285 1275 magno
1332 1190 1389 1257 si
1436 1189 1795 1273 quidquam
1840 1191 2056 1258 credis
2100 1192 2398 1274 Homero,

597 1305 965 1388 exemplum
1011 1304 1189 1369 vitae
1233 1301 1358 1367 fuit
1401 1322 1443 1367 a
1486 1303 1745 1368 cornice
1789 1301 2137 1369 secundae.

593 1414 752 1480 felix
797 1414 1116 1494 nimirum,
1167 1414 1279 1496 qui
1325 1420 1419 1479 tot
1461 1433 1582 1499 per
1626 1415 1893 1480 saecula
1935 1421 2205 1480 mortem

595 1524 851 1591 distulit
891 1531 1091 1606 atque
1134 1542 1288 1590 suos
1330 1525 1464 1590 iam
1508 1523 1743 1590 dextra
1786 1532 2095 1608 conputat
2137 1544 2363 1607 annos,

423 1644 548 1701 250
595 1638 837 1719 quique
881 1655 1120 1701 novum
1163 1636 1402 1700 totiens
1446 1641 1728 1702 mustum
1771 1635 1956 1702 bibit.
2047 1655 2174 1716 oro,
2222 1654 2572 1720 parumper

631 1834 747 1885 249.
819 1830 1009 1900 Apoll.
1048 1831 1242 1887 Sidon.
1277 1831 1421 1899 Epp.
1457 1814 1547 1884 'IX
1573 1832 1620 1895 9,
1651 1832 1714 1882 16
1756 1830 2172 1895 (beatissimum)
2209 1861 2277 1869 —
2312 1831 2541 1900 quando
2576 1831 2700 1900 qui-

428 1920 553 1975 dem
589 1923 722 1974 tuos
759 1933 939 1973 annos
978 1918 1088 1973 iam
1127 1918 1327 1972 dextra
1362 1916 1757 1971 numeraverit.

425 2088 586 2143 Ovid.
611 2088 737 2142 Am.
766 2087 794 2141 Ι
824 2090 903 2155 10,
930 2090 960 2140 2
998 2091 1114 2142 stat
1147 2087 1416 2143 meretrix
1454 2093 1610 2142 certo
1664 2087 1853 2142 cuivis
1899 2085 2223 2143 mercabilis
2268 2101 2413 2141 aere.
2486 2086 2705 2142 Seneca

424 2174 690 2229 Controv.
731 2173 759 2227 Ι
795 2174 841 2239 2,
869 2176 900 2224 5
948 2173 1215 2228 meretrix
1251 2178 1459 2228 vocata
1496 2188 1582 2238 es,
1634 2173 1697 2226 in
1749 2173 2032 2228 communi
2076 2171 2206 2227 loco
2259 2172 2489 2228 stetisti.
2549 2172 2629 2228 rb.
2672 2174 2701 2222 7

425 2259 637 2314 stetisti
674 2257 868 2327 puella
891 2259 953 2312 in
976 2258 1255 2328 lupanari,
1293 2259 1508 2313 stetisti
1534 2274 1662 2312 cum
1687 2258 2097 2324 meretricibus,
2135 2258 2351 2312 stetisti
2385 2257 2469 2312 sic
2504 2264 2705 2312 ornata

426 2352 490 2400 ut
529 2344 745 2413 populo
771 2343 996 2412 placere
1020 2359 1235 2412 posses,
1276 2359 1344 2398 ea
1366 2347 1528 2398 veste
1554 2358 1723 2412 quam
1746 2342 1878 2397 leno
1905 2342 2079 2398 dedit.
2141 2341 2199 2396 C.
2227 2342 2343 2398 Dio
2366 2342 2612 2397 LXXIX
2642 2345 2703 2394 13

427 2428 806 2499 (Elagabalus)
843 2429 1031 2501 γυμνός
1065 2447 1122 2481 τε
1157 2428 1237 2482 ἀεὶ
1276 2427 1360 2480 ἐπὶ
1395 2434 1490 2498 τῆς
1534 2425 1696 2498 θύρας
1740 2428 1897 2483 αὐτοῦ
1944 2427 2128 2491 ἑστώς,
2183 2428 2353 2499 ὥσπερ
2402 2428 2455 2481 αἱ
2501 2429 2704 2497 πόρναι.

426 2516 506 2571 Zn
545 2518 591 2581 3,
623 2517 735 2568 136.

564 2602 679 2653 240.
754 2601 995 2654 ducenda
1039 2629 1112 2638 —-
1156 2600 1393 2653 Funera.
1466 2598 1593 2668 Vgl.
1637 2601 1825 2665 1,146.
1876 2597 2104 2654 Consol.
2140 2598 2366 2668 adgLiv.
2406 2601 2469 2651 27
2508 2597 2709 2656 funera

424 2703 529 2755 pro
564 2686 744 2741 sacris
781 2684 889 2739 tibi
927 2692 1060 2741 sunt
1097 2685 1360 2741 ducenda
1395 2683 1713 2754 triumphis.

567 2773 682 2823 246.
757 2770 884 2826 Sen.
911 2772 977 2826 N.
1006 2786 1056 2840 q.
1085 2770 1168 2825 VI
1193 2773 1274 2837 26,
1307 2773 1330 2822 1
1372 2771 1422 2826 si
1459 2770 1706 2825 Homero
1744 2767 1884 2824 fides
1920 2776 2021 2825 est.
2095 2769 2284 2838 Priap.
2312 2770 2395 2833 80,
2423 2770 2454 2821 5
2490 2770 2707 2839 siquid

432 2856 619 2912 credis
653 2856 913 2911 Homero.

568 2943 684 2994 247.
747 2960 781 2993 a
810 2940 1032 2994 comice.
1071 2940 1303 2996 Hosiod.
1324 2939 1389 2995 fr.
1415 2942 1510 2992 163
1532 2939 1597 2995 G.
1626 2938 1775 2993 ἐννέα
1796 2957 1877 2992 τοι
1894 2940 2020 3007 ,ζώει
2037 2939 2210 3010 γενεὰς
2226 2938 2484 3008 λακέρυζα
2499 2943 2706 3009 κορώνη

421 3022 651 3098 Ἀνδρῶν
687 3027 961 3096 ἡβώντων·
1001 3025 1194 3096 ἔλαφος
1232 3025 1290 3080 δέ
1310 3044 1364 3078 τε
1389 3026 1782 3096 τετρακόρωνος.
1840 3024 2029 3093 Intpp.
2057 3025 2131 3079 ad
2155 3024 2290 3079 Hor.
2315 3023 2374 3078 C.
2402 3023 2493 3079 III
2523 3026 2601 3091 17,
2625 3026 2707 3076 13.
2747 3036 2755 3045 ·

565 3111 775 3165 cornice
809 3110 900 3167 fiir
935 3112 1185 3168 cornicis
1219 3112 1356 3167 vita.
1430 3116 1513 3166 zu
1550 3115 1596 3178 3,
1625 3113 1706 3163 74.

564 3198 698 3253 Hor.
727 3196 780 3253 S.
809 3197 870 3251 II
896 3200 943 3263 3,
974 3199 1070 3249 193
1106 3196 1276 3265 Aiax,
1314 3196 1480 3252 heros
1518 3196 1589 3252 ab
1625 3195 1853 3251 Achille
1891 3195 2189 3250 secundus.

564 3285 681 3335 249.
752 3283 913 3338 Nach
947 3282 1128 3338 Nicol.
1155 3281 1373 3352 Smyrn.
1391 3279 1680 3352 Ἔιφρασις
1714 3285 1806 3333 τοῦ
1833 3279 2140 3332 δαιτυλιιοῦ
2167 3278 2373 3348 μέτρου,
2400 3277 2708 3335 Schneider

423 3367 662 3437 Eclogg.
700 3367 959 3439 Physicc.
988 3367 1016 3421 Ι
1043 3369 1319 3419 477—480
1353 3365 1468 3434 vgl.
1497 3365 1556 3420 II
1582 3366 1839 3417 316-19.
1878 3382 1931 3435 p.
1958 3367 2059 3416 477
2104 3364 2336 3419 wurden
2372 3364 2546 3419 Einer
2590 3365 2709 3420 und

429 3453 645 3508 Zehner
690 3469 765 3506 an
814 3452 913 3508 der
968 3451 1192 3517 linRen,
1257 3450 1551 3505 Hunderte
1607 3467 1683 3504 an
1738 3450 1837 3505 der
1890 3449 2124 3505 rechten
2174 3449 2342 3503 Hand
2395 3449 2707 3519 abgeziihlt.

423 3536 734 3607 Augustin.
770 3536 958 3591 Tract.
993 3536 1055 3589 in
1091 3535 1172 3589 Io.
1204 3538 1319 3602 122,
1346 3539 1375 3587 7
1417 3537 1476 3591 in
1524 3551 1742 3591 summa
1784 3536 2101 3590 centenarii
2146 3550 2412 3590 numerus
2455 3535 2531 3590 ad
2575 3536 2710 3591 dex-

424 3627 603 3677 teram
635 3622 853 3676 transit.
913 3620 1109 3676 Andre
1135 3622 1444 3690 Zeugnisse
1472 3619 1815 3677 klassischer
1838 3619 2099 3676 Antoren
2122 3620 2217 3676 bei
2243 3620 2501 3689 Rodiger
2523 3619 2711 3677 Ueber

426 3708 521 3763 die
575 3708 651 3762 im
704 3705 903 3763 Orient
952 3707 1391 3776 gebrauchliche
1445 3707 1894 3777 Fingersprache
1951 3706 2041 3762 fiir
2091 3707 2202 3762 den
2248 3705 2556 3762 Ausdruck
2611 3707 2711 3764 der

427 3793 650 3848 zahlen.
732 3791 1063 3848 zeitschrift
1115 3793 1167 3848 d.
1216 3793 1528 3850 deutschen
1580 3791 1965 3861 morgenliind.
2015 3791 2393 3848 Gesellschaft
2440 3791 2530 3847 fiir
2578 3794 2708 3846 1845

427 3879 594 3942 (1846)
634 3876 689 3933 S.
722 3880 1007 3931 121-125.
1056 3878 1163 3933 Prl.
1192 3881 1275 3945 98,
1302 3879 1350 3931 3.

562 3965 664 4016 250
675 3965 854 4017 -255,
927 3963 1096 4019 Anch
1142 3965 1350 4019 Nestor
1398 3981 1487 4019 am
1536 3962 2003 4020 Scheiterhaufen
2053 3964 2155 4019 des
2196 3963 2542 4019 Antilochus
2593 3978 2711 4017 war

424 4049 633 4116 gewiss
687 4049 783 4105 ein
835 4048 952 4104 viel
1005 4049 1381 4118 gebrauchtes
1427 4050 1684 4119 Beispiel
1734 4049 1825 4104 fiir
1879 4049 1974 4104 die
2019 4047 2384 4117 Unseligkeit
2435 4050 2592 4104 eines
2639 4065 2711 4103 zu

425 4132 632 4203 langen
668 4135 904 4191 Lebens.
976 4136 1142 4205 Prop.
1171 4135 1231 4190 ΙΙ
1261 4138 1322 4188 13
1352 4158 1413 4180 =
1441 4136 1531 4190 III
1557 4139 1587 4187 5
1614 4136 1683 4191 M.
1711 4138 1777 4188 47
1816 4135 1912 4190 cui
1949 4135 1999 4190 si
2039 4134 2357 4203 longaevae
2407 4134 2712 4190 minuisset

423 4218 546 4274 fata
580 4226 844 4276 senectae
881 4220 1139 4277 Gallicus
1155 4222 1214 4286 (Ρ)
1252 4221 1451 4277 Iliacis
1474 4222 1642 4277 miles
1667 4222 1729 4276 in
1766 4220 2088 4291 aggeribus,
2127 4219 2255 4274 Non
2291 4225 2391 4274 aut
2413 4219 2709 4275 Antilochi

428 4306 671 4364 vidisset
705 4322 913 4375 corpus
949 4306 1169 4362 humari
1206 4307 1443 4363 Diceret
1478 4313 1580 4362 aut
1614 4303 1665 4362 ‘o
1704 4322 1855 4363 mors
1892 4323 1994 4362 cur
2028 4306 2166 4361 mihi
2203 4321 2329 4362 sera
2364 4302 2583 4362 venis?³

525 4407 718 4451 Juvenal
745 4408 804 4452 11.
2265 4411 2296 4461 8
