3334 5075
648 111 772 173 570
1458 108 1746 164 Iuvenalis
1780 115 2094 166 saturarum

816 300 945 346 non
987 299 1155 348 unus
1199 288 1450 348 mentes
1496 281 1705 367 agitat
1748 281 1939 348 furor.
2031 282 2147 349 ille
2190 282 2428 349 sororis

646 400 768 458 285
815 394 883 459 in
928 394 1225 461 manibus
1270 394 1454 462 vultu
1496 392 1921 461 Eumenidum
1966 401 2246 462 terretur
2290 403 2356 462 et
2397 396 2553 481 igni,

815 507 921 573 hic
964 506 1133 574 bove
1175 524 1484 593 percusso
1528 508 1780 593 mugire
1823 507 2317 593 Agamemnona
2359 508 2564 575 credit

814 627 927 686 aut
967 619 1287 688 Ithacum:
1336 628 1561 706 parcat
1603 620 1839 687 tunicis
1882 619 2036 688 licet
2078 627 2277 704 atque
2320 621 2620 704 lacernis,

813 733 1124 800 curatoris
1170 741 1319 819 eget
1361 736 1471 818 qui
1516 754 1750 801 navem
1794 734 2113 800 mercibus
2155 733 2384 819 implet

811 846 898 913 ad
942 866 1258 913 summum
1302 846 1475 914 latus
1518 854 1583 914 et
1624 847 1848 913 tabula
1890 845 2313 932 distinguitur
2355 846 2547 928 unda,

641 963 763 1022 290
811 978 955 1024 cum
999 961 1085 1026 sit
1129 977 1328 1025 causa
1370 959 1527 1024 mali
1571 960 1734 1026 tanti
1782 966 1847 1025 et
1888 959 2281 1026 discriminis
2323 959 2516 1025 huius

810 1072 1137 1138 concisum
1182 1078 1520 1158 argentum
1563 1073 1633 1138 in
1676 1072 1896 1139 titulos
1941 1070 2273 1157 faciesque
2317 1073 2616 1139 minutas.

807 1192 1146 1252 occurrunt
1187 1184 1393 1252 nubes
1440 1191 1505 1251 et
1547 1184 1839 1272 fulgura:
1885 1179 2144 1252 ‘solvite
2188 1178 2431 1252 funem'

810 1297 1114 1365 frumenti
1158 1297 1456 1364 dominus
1501 1300 1739 1365 clamat
1779 1298 2111 1384 piperisve
2155 1299 2430 1384 coempti

806 1403 924 1476 ‘nil
969 1410 1144 1478 color
1187 1411 1293 1476 hic
1337 1409 1519 1494 caeli,
1569 1412 1660 1477 nil
1705 1410 1915 1478 fascia
1959 1411 2147 1496 nigra
2190 1412 2496 1491 minatur3

643 1529 766 1587 295
814 1525 1133 1591 aestivum
1178 1519 1397 1592 tonat’.
1487 1523 1716 1590 infelix
1759 1523 1884 1590 hac
1929 1523 2201 1591 forsitan
2244 1524 2392 1610 ipsa

805 1645 995 1704 nocte
1039 1636 1229 1705 cadet
1271 1636 1493 1704 fractis
1536 1637 1831 1704 trabibus
1875 1636 2202 1720 fluctuque
2245 1641 2572 1722 premetur

809 1750 1073 1817 obrutus
1121 1758 1184 1817 et
1229 1770 1455 1817 zonam
1502 1750 1698 1817 laeva
1741 1769 2086 1833 morsuque
2131 1750 2392 1817 tenebit.

805 1862 921 1929 sed
966 1863 1148 1928 cuius
1193 1864 1361 1930 votis
1405 1861 1592 1929 modo
1637 1882 1769 1929 non
1815 1864 2161 1931 suffecerat
2202 1882 2428 1928 aurum

806 1974 978 2059 quod
1021 1976 1241 2061 Tagus
1286 1984 1351 2043 et
1392 1976 1590 2043 rutila
1633 1975 1839 2042 volvit
1881 1975 2183 2043 Pactolus
2227 1976 2491 2056 harena,

635 2095 756 2151 300
803 2087 1046 2172 frigida
1089 2089 1408 2156 sufficient
1451 2089 1736 2156 volantis
1778 2089 2049 2174 inguina
2091 2088 2290 2174 panni

834 2244 951 2296 296.
1023 2243 1190 2300 cadet
1224 2264 1266 2295 ω
1289 2243 1553 2299 Buchelcr
1588 2245 1747 2302 cadit
1783 2246 2018 2300 PJaJm.

836 2383 950 2434 288.
1021 2382 1213 2440 Horat.
1239 2383 1381 2453 Epp.
1409 2385 1437 2439 Ι
1466 2385 1511 2450 1,
1542 2386 1637 2437 102
1675 2385 1956 2440 curatoris
1991 2397 2156 2453 egere
2191 2381 2247 2439 A
2282 2387 2545 2452 praetore
2582 2382 2719 2437 dati.

836 2470 953 2522 292.
1022 2467 1189 2541 Verg.
1214 2468 1284 2526 A.
1310 2469 1364 2526 V
1391 2473 1489 2523 773
1526 2471 1788 2542 solvique
1825 2485 1895 2527 ex
1931 2470 2129 2526 ordine
2163 2468 2367 2525 funem.

836 2558 952 2610 299.
1025 2556 1316 2614 claudian.
1355 2558 1424 2613 In
1458 2558 1647 2614 Bufin.
1683 2559 1712 2614 I
1750 2561 1840 2611 101
1890 2574 2005 2613 non
2051 2556 2398 2614 Tartesiacis
2452 2555 2611 2613 illum
2663 2556 2888 2613 satiarit

630 2642 856 2700 harenis
888 2642 1221 2714 Tempestas
1256 2645 1511 2714 pretiosa
1534 2644 1698 2715 Tagi,
1734 2660 1849 2701 non
1885 2651 2090 2715 stagna
2129 2644 2388 2702 rubentis
2424 2643 2617 2701 Aurea
2650 2643 2885 2700 Pactoli.

766 2783 864 2835 292
880 2800 922 2839 s.
993 2783 1265 2841 Priscian.
1292 2782 1375 2838 VI
1403 2784 1466 2835 13
1507 2782 1670 2840 GLK.
1698 2783 1759 2839 11
1784 2786 1901 2851 205,
1934 2786 1994 2838 13
2033 2783 2257 2850 (solvite
2292 2812 2359 2823 —
2396 2784 2676 2854 coempti).

762 2920 970 2975 iuvenes
1000 2951 1070 2962 —
1103 2922 1351 2978 marinos.
1422 2921 1516 2978 An
1551 2923 1645 2978 die
1681 2922 1952 2979 Existenz
1998 2938 2111 2978 von
2153 2921 2428 2979 Tritonen
2476 2927 2545 2989 (u.
2581 2921 2877 2987 Nereiden)

626 3007 860 3077 glaubte
894 3007 1036 3064 Plin.
1063 3009 1127 3066 N.
1153 3009 1204 3064 h.
1232 3009 1318 3065 IX
1342 3011 1374 3061 9
1411 3010 1529 3065 und
1562 3009 1725 3066 Paus.
1752 3009 1836 3064 IX
1863 3011 1943 3062 21.
1982 3008 2087 3065 SG.
2115 3009 2143 3063 1
2168 3009 2235 3061 49
2258 3007 2295 3064 f.
2381 3000 2387 3011 '

760 3096 1046 3148 284-285.
1120 3095 1209 3150 cuo
1240 3095 1441 3150 sororis
1463 3097 1537 3150 In
1560 3094 1835 3151 man-zm.-
1873 3095 2036 3153 Orest
2057 3096 2119 3151 in
2145 3095 2254 3152 den
2277 3093 2488 3151 Armen
2512 3095 2613 3151 der
2634 3094 2883 3152 Elektra.

622 3181 705 3237 Zu
739 3183 788 3248 6,
815 3183 895 3234 29.

758 3270 874 3320 287.
946 3268 1208 3322 Ithacum.
1282 3270 1363 3324 Zu
1404 3272 1481 3338 10,
1508 3272 1624 3323 257.

758 3356 873 3408 289.
946 3355 1129 3409 tabula
1163 3354 1516 3427 dnbtinquitur
1548 3357 1708 3411 unda.
1779 3355 1908 3426 Vgl.
1939 3359 2019 3423 12,
2044 3358 2262 3408 57—59.

757 3443 871 3493 293.
936 3441 1210 3511 piper-abvc
1245 3442 1482 3513 compti.
1555 3441 1685 3513 vgl.
1710 3443 1859 3499 Pers.
1888 3445 1936 3513 5,
1962 3445 2026 3495 55
2062 3443 2181 3498 und
2220 3443 2331 3495 136.

757 3528 872 3579 295.
943 3528 1203 3583 aestivum
1238 3532 1400 3584 tonat.
1472 3529 1554 3585 Zu
1595 3532 1748 3599 1,16.

754 3616 869 3667 297.
941 3633 1138 3670 zonam.
1212 3614 1271 3671 G.
1298 3616 1585 3673 Gracchus
1618 3616 1713 3672 bei
1738 3615 1958 3673 Gellius
1982 3614 2092 3671 XV
2120 3617 2199 3683 12,
2225 3617 2257 3667 4
2292 3631 2478 3681 zonas,
2515 3629 2657 3684 quas
2680 3613 2879 3683 plenas

617 3701 838 3771 argenti
875 3702 1075 3770 extuli,
1114 3718 1210 3759 eas
1234 3718 1304 3760 ex
1326 3703 1626 3773 provincia
1661 3704 1859 3759 inanes
1893 3702 2104 3759 rettuli.
2176 3702 2309 3757 Hor.
2335 3702 2479 3772 Epp.
2506 3700 2564 3756 11
2592 3702 2640 3766 2,
2667 3702 2733 3752 40
2768 3699 2880 3756 ibit

616 3802 684 3843 eo
721 3805 833 3859 qno
868 3789 960 3845 vis
996 3789 1094 3858 qui
1132 3805 1330 3846 zonam
1364 3790 1630 3861 perdidit.
1703 3790 1935 3847 Phaedr.
1963 3788 2047 3845 IV
2082 3790 2164 3856 22,
2205 3792 2260 3841 11
2311 3788 2422 3856 (bei
2460 3788 2644 3844 einem
2679 3786 2879 3843 Schiff-

614 3873 805 3943 bruch)
841 3875 900 3930 hi
937 3892 1121 3943 zonas,
1168 3875 1256 3932 illi
1289 3892 1380 3933 res
1413 3877 1697 3946 pretiosas
1743 3877 2036 3947 colligunt.
2109 3876 2309 3933 Sector
2352 3874 2615 3931 nonarius
2653 3873 2881 3931 Beutel·

617 3961 915 4019 schneider
949 3963 1129 4021 Plaut.
1166 3961 1321 4019 Trin.
1349 3966 1464 4018 862.
1537 3965 1619 4020 Zu
1655 3967 1703 4032 8,
1734 3966 1847 4017 120.

753 4052 867 4102 299.
940 4051 1022 4106 Zu
1058 4052 1106 4117 3,
1132 4052 1212 4103 55.
1284 4049 1395 4107 Die
1429 4049 1882 4121 goldflihrenden
1911 4051 2109 4109 Fliisse
2142 4050 2235 4108 bei
2273 4050 2415 4105 Plin.
2441 4050 2505 4106 N.
2532 4049 2583 4104 h.
2617 4048 2876 4105 XXXIII

613 4138 679 4187 66
717 4134 892 4204 (Tago
927 4137 1239 4205 Hispaniae
1275 4168 1340 4176 —
1375 4138 1611 4193 Pactolo
1647 4138 1857 4203 Asiae).
