3334 5075
1090 152 1261 207 Liber
1297 151 1545 221 quintus.
1621 150 1826 207 Satura
1861 152 2023 206 XIII.
2569 157 2694 219 529

598 325 751 389 talis
796 329 867 388 ut
912 330 1012 389 est
1056 322 1266 405 hodie,
1315 330 1745 406 contentaque
1790 324 2013 389 sidera
2056 325 2283 407 paucis

594 436 966 501 numinibus
1011 436 1316 501 miserum
1362 437 1727 519 urguebant
1771 437 2039 501 Atlanta
2080 437 2311 501 minori

594 547 901 631 pondere,
951 546 1233 613 nondum
1280 547 1518 630 aliquis
1564 549 1828 613 sortitus
1873 549 2059 613 triste
2104 547 2406 631 profundi

470 669 547 724 50
593 660 936 743 imperium
983 666 1097 724 aut
1141 658 1364 724 Sicula
1407 666 1624 724 torvos
1671 679 1813 725 cum
1859 661 2135 744 coniuge
2178 660 2429 741 Pluton,

594 790 716 836 nec
759 776 905 835 rota
946 790 1069 835 nec
1114 770 1354 836 Furiae
1399 790 1520 836 nec
1563 790 1795 836 saxum
1841 777 1955 836 aut
1997 771 2273 836 vulturis
2318 772 2442 835 atri

592 901 825 966 poena,
873 881 995 948 sed
1036 883 1315 948 infernis
1360 882 1604 948 hilares
1650 883 1794 947 sine
1839 882 2104 968 regibus
2148 882 2433 949 umbrae.

595 994 952 1078 inprobitas
996 994 1111 1059 illo
1156 994 1282 1059 fuit
1325 993 1727 1059 admirabilis
1773 1014 1954 1075 2.er

597 1104 951 1171 credebant
994 1126 1119 1189 quo
1164 1104 1414 1190 grande
1461 1107 1647 1172 nefas
1693 1113 1758 1172 et
1800 1114 2005 1172 morte
2053 1106 2365 1190 piandum

474 1226 548 1280 55
597 1217 652 1281 si
697 1218 954 1283 iuvenis
999 1219 1217 1284 vetulo
1263 1237 1392 1283 non
1438 1217 1899 1283 adsurrexerat
1945 1226 2009 1284 et
2052 1218 2111 1282 si

595 1328 867 1395 barbato
912 1330 1293 1412 cuicumque
1338 1350 1518 1414 puer,
1566 1331 1722 1395 licet
1764 1331 1906 1413 ipse
1950 1330 2206 1395 videret

597 1441 786 1524 plura
831 1442 1004 1506 domi
1051 1441 1245 1524 fraga
1290 1450 1354 1507 et
1397 1442 1680 1507 maiores
1724 1441 1985 1524 glandis
2032 1460 2331 1520 acervos3

597 1557 729 1616 tam
775 1553 1152 1618 venerabile
1197 1559 1340 1618 erat
1384 1551 1782 1636 praecedere
1828 1560 2133 1636 quattuor
2177 1554 2383 1633 annis,

595 1665 937 1748 primaque
981 1685 1102 1749 par
1147 1663 1313 1730 adeo
1359 1684 1585 1730 sacrae
1629 1664 1872 1748 lanugo
1919 1672 2239 1731 senectae.

471 1785 549 1839 60
597 1797 766 1842 nunc
812 1778 867 1841 si
915 1775 1283 1861 depositum
1328 1798 1459 1843 non
1502 1776 1814 1842 infitietur
1858 1778 2123 1860 amicus,

599 1889 653 1952 si
699 1886 931 1953 reddat
974 1894 1265 1954 veterem
1310 1908 1455 1953 cum
1497 1895 1635 1954 tota
1680 1890 1995 1973 aerugine
2039 1888 2281 1969 follem,

598 1998 970 2083 prodigiosa
1011 1999 1176 2066 fides
1224 2007 1289 2065 et
1333 2001 1565 2066 Tuscis
1610 1999 1813 2084 digna
1856 2001 2097 2066 libellis

633 2191 715 2242 49.
787 2189 998 2259 aliquis
1018 2207 1114 2241 om.
1139 2189 1326 2243 Padd.
1349 2193 1618 2259 tamquam
1634 2190 1890 2243 scholium
1906 2208 1965 2259 p.
2009 2185 2280 2242 ‘Fortasse
2305 2183 2468 2243 alius'
2486 2188 2633 2240 Jahn
2645 2187 2695 2239 I.

632 2279 712 2328 58.
784 2280 901 2330 tam
937 2277 991 2330 P
1032 2275 1125 2330 vel
1160 2280 1278 2329 tum
1306 2293 1350 2344 p
1388 2275 1554 2338 (idem
1591 2275 1884 2328 coniecerat
1928 2275 2131 2327 JahnI
2172 2278 2223 2326 et
2269 2273 2327 2326 in
2366 2277 2513 2326 textu
2560 2273 2637 2326 ed.
2665 2280 2697 2325 2

422 2361 647 2432 posuit).

633 2528 697 2577 55
714 2542 756 2581 s.
828 2524 1095 2596 Cyprian.
1121 2525 1304 2581 Levit.
1335 2526 1432 2579 190
1446 2541 1488 2581 s.
1540 2526 1590 2581 si
1644 2523 1866 2580 iuvenis
1908 2522 2102 2580 vetulo
2149 2540 2266 2579 non
2316 2523 2699 2579 adsurrexerit

428 2618 487 2669 et
521 2613 570 2667 si
607 2612 855 2667 Barbato
893 2612 1230 2681 cuicumque
1266 2627 1422 2681 puer.

565 2778 683 2832 48s.
755 2776 1026 2831 Priscian.
1053 2774 1168 2829 VII
1211 2777 1289 2841 13,
1318 2776 1384 2827 69
1421 2774 1585 2830 GLK.
1615 2774 1674 2829 II
1712 2776 1828 2837 346,
1858 2776 1920 2825 12
1960 2772 2266 2837 (Iuvenalis
2305 2773 2364 2827 in
2400 2773 2476 2827 V:
2515 2775 2699 2828 numi-

426 2863 595 2918 nibus
629 2864 894 2918 missrum
931 2862 1250 2931 urguebant
1285 2859 1522 2916 Atlanta
1557 2860 1763 2914 minori
1799 2858 2087 2922 Pondere).

427 3028 638 3082 Haase:
689 3042 908 3081 omnem
953 3026 1121 3081 istam
1171 3023 1479 3094 ignobilem
1525 3024 1758 3078 deorum
1802 3023 2051 3089 turbam,
2108 3038 2273 3092 quam
2327 3022 2499 3092 longo
2554 3038 2697 3077 aevo

426 3114 599 3181 longa
634 3113 966 3180 superstitio
1003 3111 1307 3179 congessit.
1382 3108 1509 3178 Vgl.
1539 3109 1684 3163 anch
1720 3109 1803 3163 Id.
1832 3109 1903 3164 ib.
1932 3109 2022 3163 III
2055 3110 2129 3174 17,
2157 3111 2187 3159 3
2212 3108 2304 3163 fin.
2330 3109 2448 3163 und
2472 3108 2555 3163 IV
2579 3113 2626 3162 8.

564 3201 646 3250 49.
719 3197 915 3267 aliquis
949 3196 1040 3252 fiir
1075 3198 1321 3264 Neptun,
1361 3194 1585 3249 iihnlich
1621 3195 1732 3249 wie
1770 3194 1918 3249 alius
1958 3197 2001 3259 1,
2034 3196 2096 3246 10
2132 3192 2223 3248 fur
2261 3196 2447 3260 Iason,
2490 3198 2568 3260 10,
2597 3197 2696 3246 257

427 3282 518 3338 fiir
552 3285 786 3339 Laertes
824 3290 912 3347 (zu
954 3285 997 3349 1,
1029 3286 1123 3347 10).

566 3369 735 3424 Pater
772 3370 896 3438 ipse
932 3367 1199 3439 profundi
1226 3368 1406 3422 heisst
1427 3367 1657 3435 Neptun
1696 3365 1820 3420 Val.
1848 3365 1927 3420 Fl.
1957 3366 2014 3420 II
2042 3368 2158 3418 606.
2204 3365 2364 3421 Ovid.
2391 3366 2459 3421 M.
2488 3367 2573 3422 XI
2600 3369 2697 3419 203

427 3471 667 3524 cumque
703 3453 1076 3522 tridentigero
1113 3453 1319 3508 tumidi
1356 3453 1616 3522 genitore
1652 3450 1934 3519 profundi.

568 3545 649 3593 51.
721 3539 952 3594 vultur-223
986 3539 1111 3593 atri.
1186 3539 1311 3595 Sen.
1338 3538 1568 3609 Thyest.
1599 3541 1660 3589 10
1701 3537 1936 3607 (Tityus)
1972 3539 2290 3595 visceribus
2326 3545 2478 3594 atras
2513 3541 2700 3608 pascit

430 3629 653 3683 effossis
690 3641 843 3681 aves.

567 3716 647 3766 53.
723 3711 1059 3765 admirabilia
1095 3710 1456 3777 erstaunlich,
1494 3710 1603 3765 wie
1640 3709 1943 3764 admiratIo
1979 3710 2298 3765 Erstaunen
2335 3714 2382 3778 6,
2410 3715 2524 3764 646.

566 3801 648 3851 60.
720 3796 1001 3853 Aehnlich
1059 3797 1353 3853 claudian.
1398 3796 1573 3851 Laud.
1621 3795 1839 3851 Stilich.
1887 3794 1945 3850 II
1993 3798 2056 3847 55
2115 3796 2298 3852 iustos
2352 3797 2698 3866 nimiumque

427 3884 622 3940 fideles
659 3884 830 3939 Fama
863 3887 1029 3953 putat
1064 3884 1162 3953 qui
1200 3900 1328 3939 cum
1362 3884 1589 3952 possint
1623 3882 1923 3936 commissa
1956 3897 2165 3951 negare
2206 3883 2507 3938 Maluerint
2540 3883 2699 3938 nullo

429 3970 629 4026 violati
664 3970 902 4026 reddere
940 3976 1194 4039 quaestu.

566 4060 647 4108 62.
732 4057 919 4109 Tuscis
944 4085 1012 4095 -
1047 4054 1254 4108 libellas.
1316 4054 1453 4109 Was
1477 4056 1571 4109 ein
1596 4053 1921 4123 prodigium
1944 4053 2189 4110 bedente
2217 4056 2370 4124 (quid
2394 4057 2699 4124 portendat

430 4143 787 4212 prodigium),
825 4142 1019 4197 wurde
1055 4139 1411 4211 gewdhnlich
1450 4140 1627 4196 durch
1663 4141 1760 4195 ein
1795 4156 2123 4210 responsum
2162 4141 2260 4196 der
2307 4141 2697 4198 etruskischen
