3334 5075
706 398 774 457 41
794 397 832 457 6
1524 387 1814 442 Iuvenalis
1848 391 2165 442 saturarum

878 564 1141 630 nomina
1186 562 1533 643 delectant,
1582 579 1835 627 omnem
1881 555 2193 624 Titanida
2237 576 2521 642 pugnam

876 679 1047 742 inter
1091 676 1371 741 maiores
1419 675 1760 758 ipsumque
1805 670 2192 737 Promethea
2236 688 2461 754 ponae,

878 788 961 854 de
1007 805 1412 871 quocumque
1456 784 1639 851 voles
1686 804 1999 869 proavum
2044 783 2162 849 tibi
2208 782 2443 847 sumito
2488 780 2673 846 libro.

712 909 827 965 135
878 897 1053 983 quod
1098 900 1154 964 si
1199 896 1622 983 praecipitem
1667 897 1840 980 rapit
1885 894 2154 960 ambitio
2200 902 2398 975 atque
2442 890 2664 970 libido,

877 1013 933 1077 si
979 1011 1228 1094 frangis
1273 1010 1496 1094 virgas
1542 1009 1859 1074 sociorum
1905 1008 1973 1072 in
2018 1008 2357 1090 sanguine,
2405 1005 2463 1070 si
2509 1011 2573 1069 te

878 1123 1211 1190 delectant
1257 1121 1528 1187 hebetes
1570 1121 1746 1186 lasso
1790 1121 2015 1185 lictore
2061 1137 2339 1200 secures,

876 1235 1107 1319 incipit
1147 1235 1435 1318 ipsorum
1482 1240 1708 1299 contra
1750 1239 1817 1298 te
1861 1239 2037 1298 stare
2081 1237 2423 1316 parentum

877 1344 1186 1413 nobilitas
1231 1333 1600 1427 claramque
1645 1343 1858 1409 facem
1902 1343 2237 1428 praeferre
2282 1340 2624 1427 pudendis.

718 1468 831 1522 140
882 1478 1069 1524 omne
1115 1457 1315 1523 animi
1363 1457 1590 1522 vitium
1637 1463 1817 1522 tanto
1862 1457 2273 1540 conspectius
2315 1454 2385 1519 in
2429 1473 2501 1519 se

880 1572 1123 1636 crimen
1172 1568 1383 1650 habet,
1435 1572 1678 1650 quanto
1725 1568 1929 1633 maior
1974 1567 2086 1650 qui
2131 1573 2359 1650 peccat
2401 1564 2694 1631 habetur.

881 1702 1008 1765 quo
1053 1680 1212 1747 mihi
1261 1688 1323 1745 te
1372 1681 1632 1746 solitum
1678 1678 1882 1745 falsas
1928 1680 2192 1763 signare
2234 1676 2513 1745 tabellas

879 1797 948 1860 in
994 1793 1254 1877 templis
1302 1811 1471 1874 quae
1516 1790 1674 1857 fecit
1718 1810 1899 1872 avus,
1948 1797 2358 1872 statuamque
2403 1789 2691 1874 parentis

919 1978 1029 2027 133.
1103 1974 1317 2044 po*nas
1361 1974 1412 2026 P
1443 1969 1591 2043 “ficit
1627 1972 1821 2040 opinor
1862 1972 2093 2040 poenas'
2145 1970 2440 2034 Rachel-er).
2513 1969 2842 2039 adscriptum
2890 1970 2982 2024 vel

705 2079 926 2133 pingas.

921 2219 1071 2271 1408.
1144 2213 1273 2270 Alc.
1310 2214 1467 2269 Avit.
1506 2213 1564 2268 11
1599 2216 1656 2265 51
1722 2214 1784 2268 in
1831 2214 2030 2283 ignoto
2082 2214 2266 2268 minor
2315 2220 2402 2268 est
2454 2218 2731 2280 peccante
2774 2217 2979 2267 reatus.

710 2303 961 2359 Salvian.
988 2301 1131 2358 Gub.
1161 2300 1252 2355 dei
1282 2300 1364 2355 IV
1389 2302 1453 2351 57
1515 2300 1679 2354 Halm
1716 2300 1741 2353 I
1773 2301 1817 2356 1,
1845 2301 1908 2351 47
1947 2299 2304 2354 criminosior
2348 2300 2498 2353 enim
2534 2298 2705 2367 culpa
2748 2304 2838 2352 est
2882 2297 2980 2352 ubi

705 2388 998 2444 honestior
1034 2392 1232 2443 status.
1306 2384 1366 2441 Si
1403 2385 1695 2440 honestior
1731 2390 1821 2440 est
1855 2400 2101 2453 persona
2133 2386 2445 2453 peccantis,
2491 2385 2715 2453 peccati
2755 2399 2982 2453 quoque

706 2475 888 2529 maior
924 2472 1160 2530 invidia

850 2612 963 2662 142.
1036 2609 1308 2665 Priscian.
1334 2608 1536 2664 XVIII
1561 2611 1642 2675 30,
1672 2611 1771 2660 292
1811 2608 1976 2664 GLK.
2004 2609 2094 2664 III
2120 2612 2236 2677 364,
2265 2613 2346 2663 21.

850 2749 962 2799 132.
1007 2750 1118 2800 133.
1189 2746 1376 2803 Ueber
1402 2746 1832 2813 Stammbiinme,
1855 2748 1949 2802 die
1975 2749 2035 2802 in
2062 2748 2155 2803 die
2180 2748 2492 2804 Fabelwelt
2513 2747 2981 2815 hinanfreichtem

710 2834 814 2889 SG.
855 2833 880 2887 1
920 2835 1034 2885 242.
1097 2832 1226 2888 Wie
1264 2838 1429 2889 unter
1467 2834 1577 2889 den
1611 2832 1844 2888 Bildern
1890 2834 1989 2889 der
2025 2833 2230 2889 Ahnen
2278 2834 2395 2890 ihre
2432 2834 2626 2903 siege,
2674 2833 2981 2902 Triumphe

712 2936 762 2974 u.
790 2936 832 2974 s.
861 2935 926 2973 w.
954 2919 1314 2976 verzeichnet
1337 2934 1526 2976 waren
1553 2922 1636 2984 (zu
1664 2921 1711 2986 6,
1743 2922 1839 2971 169
1864 2918 1952 2983 ff),
1990 2926 2177 2989 magst
2200 2921 2278 2975 du
2300 2920 2397 2975 bei
2424 2920 2633 2976 deinen
2656 2918 2981 2989 gefabelten

707 3004 1023 3075 gottlichen
1059 3004 1263 3061 Ahnen
1300 3005 1420 3062 ihre
1453 3004 1821 3059 Theilnahme
1859 3020 1931 3059 an
1967 3005 2094 3060 dem
2117 3004 2565 3075 Titanenkampf
2594 3007 2979 3063 verzeichnen.

710 3091 776 3146 In
812 3092 1024 3149 diesem
1060 3091 1229 3147 stand
1263 3091 1629 3147 Pr0metheus
1664 3089 1769 3145 auf
1798 3090 1993 3146 Seiten
2031 3091 2131 3146 des
2168 3092 2327 3147 Zeus.

851 3180 962 3229 134.
1038 3178 1099 3230 de
1125 3194 1446 3246 quocumque
1472 3176 1638 3231 libro:
1665 3178 1849 3232 einem
1874 3176 2080 3243 Buche,
2107 3176 2209 3233 das
2232 3177 2619 3249 Genealogien
2658 3180 2757 3235 der
2782 3179 2984 3235 Gotter

711 3263 828 3318 und
863 3263 1089 3319 Heroon
1126 3263 1355 3318 enthiilt.
2482 3306 2487 3310 .

853 3351 963 3402 136.
1014 3348 1245 3420 sranqt's
1281 3347 1461 3419 virque
1484 3376 1553 3387 —
1585 3347 1644 3400 in
1679 3348 1950 3418 sanquine,
1978 3349 2088 3419 vgl.
2117 3355 2295 3405 unten
2320 3353 2418 3402 247
2446 3349 2745 3422 frangebat
2769 3353 2984 3408 vertice

711 3437 886 3491 vitem
924 3435 1042 3490 und
1077 3450 1146 3488 zu
1183 3436 1230 3499 6,
1251 3436 1352 3486 479
1388 3433 1482 3489 hic
1517 3433 1734 3502 frangit
1767 3432 1992 3489 ferulas.

857 3524 968 3573 139.
1043 3519 1270 3574 Sallust.
1298 3519 1421 3588 Ing.
1450 3523 1532 3586 85,
1560 3520 1623 3571 23
1662 3518 1934 3575 maiorum
1970 3521 2155 3590 gloria
2188 3523 2434 3591 posteris
2472 3526 2633 3593 quasi
2670 3525 2861 3581 lumen
2897 3534 2985 3582 est

709 3622 895 3676 neque
931 3607 1082 3662 bona
1118 3619 1300 3674 neque
1336 3606 1485 3659 mala
1520 3621 1714 3661 eorum
1752 3606 1812 3660 in
1848 3606 2077 3663 occulto
2113 3609 2345 3677 patitur.
2418 3610 2561 3665 Plin.
2595 3611 2737 3680 Epp.
2767 3611 2820 3666 V
2848 3614 2925 3677 17,
2953 3615 2979 3663 4

709 3691 977 3747 laudibus
997 3692 1235 3746 incitavi
1255 3691 1636 3760 {Calpurnium
1644 3692 1925 3757 Pisonem)
1939 3701 2215 3763 pergeret,
2237 3709 2351 3763 qua
2364 3697 2651 3764 coepisset
2666 3697 2984 3767 lumenque,

719 3777 874 3846 quod
910 3778 1020 3833 sibi
1059 3778 1301 3833 maiores
1338 3779 1428 3833 sui
1465 3777 1887 3846 praetulissent,
1925 3781 2172 3848 posteris
2207 3780 2332 3849 ipse
2366 3780 2691 3850 praeferret.

859 3865 971 3918 142.
1044 3881 1148 3933 quo
1183 3863 1319 3916 mihi
1341 3869 1390 3917 te
1413 3863 1628 3917 solitum
1653 3894 1721 3904 —
1749 3865 1976 3934 siqnare,
2003 3865 2114 3934 vgl.
2142 3883 2212 3921 zu
2235 3883 2286 3920 v.
2315 3869 2361 3919 9.
2419 3884 2534 3937 quo
2557 3868 2711 3937 mihi,
2739 3885 2852 3939 quo
2878 3869 2984 3924 tibi

720 3949 824 4005 mit
859 3949 984 4004 dem
1023 3949 1306 4004 Infinitiv:
1347 3949 1445 4004 Ov.
1471 3949 1595 4004 Am.
1625 3949 1714 4004 111
1742 3953 1789 4017 8,
1815 3953 1931 4003 474.
1993 3952 2154 4007 Pont.
2181 3952 2209 4006 1
2236 3956 2282 4019 5,
2310 3955 2390 4004 67.

841 4036 1028 4107 salsas
1061 4036 1274 4106 sigmaro
1311 4037 1546 4101 tabellas,
1584 4036 1697 4104 vgl.
1727 4039 1772 4103 1,
1798 4039 1879 4088 67.

856 4125 967 4174 143.
1011 4125 1123 4174 144.
1198 4122 1265 4176 In
1289 4121 1562 4191 Tempeln
1598 4122 1830 4177 wurden
1854 4121 2163 4179 Urkunden
2189 4125 2457 4194 deponirt
2490 4127 2633 4196 1Dig.
2661 4127 2854 4182 XLIII
2881 4131 2928 4193 5,
2957 4130 2986 4179 3

712 4213 743 4271 g
782 4212 811 4259 3
850 4209 899 4264 si
939 4208 1257 4264 custodiam
1292 4209 1611 4263 tabularum
1647 4210 2005 4275 [testamenti]
2054 4210 2320 4266 aedituus
2366 4211 2459 4266 vel
2504 4212 2820 4268 tabularius
2867 4229 2990 4269 sns-

716 4294 905 4362 cepit{‚
955 4294 1227 4350 nachdem
1274 4295 1359 4350 sie
1405 4294 1607 4349 vorher
1648 4295 1934 4364 besiegelt
1981 4311 2169 4351 waren
2226 4298 2395 4361 (Mart.
2434 4297 2490 4351 X
2529 4302 2609 4363 70,
2648 4302 2677 4351 2
2716 4315 2865 4354 nunc
2915 4299 2988 4354 ad

714 4378 1007 4434 luciferam
1053 4380 1244 4449 signat
1288 4395 1411 4435 mea
1456 4395 1677 4449 gemma
1723 4381 2000 4447 Dianam).
2083 4383 2173 4437 Da
2220 4381 2329 4439 alle
2382 4385 2611 4453 Zeugen
2658 4385 2761 4440 mit
2804 4387 2989 4441 einem
