3334 5075
1157 363 1328 420 Liber
1361 363 1590 432 primus.
1664 362 1870 419 Satura
1903 362 2001 418 IV.
2585 368 2711 431 247

622 539 805 603 cuius
850 543 1036 603 erant
1078 553 1291 601 mores
1337 537 1549 617 qualis
1594 536 1919 617 facundia,
1967 535 2125 602 mite

619 649 969 732 ingenium.
1061 648 1268 713 maria
1313 666 1391 713 ac
1434 653 1643 713 terras
1688 649 2091 732 populosque
2136 649 2388 732 regenti

621 761 768 843 quis
813 779 1027 825 comes
1074 759 1309 840 utilior,
1357 760 1413 825 si
1458 758 1647 825 clade
1695 765 1761 824 et
1803 766 1989 845 peste
2033 759 2153 825 sub
2197 761 2316 826 illa

493 879 570 936 85
621 873 964 938 saevitiam
1008 870 1321 936 damnare
1367 877 1433 936 et
1475 870 1815 937 honestum
1861 869 2121 937 adferre
2165 872 2392 939 liceret

622 982 1010 1050 consilium?
1060 981 1180 1048 sed
1224 981 1381 1065 quid
1425 982 1777 1049 violentius
1821 1002 1979 1049 aure
2023 984 2301 1067 tyranni,

621 1115 765 1162 cum
812 1115 937 1178 quo
984 1093 1067 1160 de
1110 1095 1352 1178 pluviis
1398 1100 1512 1160 aut
1555 1093 1844 1160 aestibus
1890 1100 2004 1160 aut
2046 1094 2335 1161 nimboso

656 1345 736 1395 83.
810 1348 988 1398 terras
1015 1361 1105 1413 pm
1141 1349 1292 1398 terra
1328 1343 1383 1397 P
1412 1348 1617 1399 terram
1652 1343 1838 1398 Jahn&

658 1569 738 1620 82.
811 1565 1005 1622 Horat.
1034 1564 1093 1621 C.
1132 1566 1361 1633 112,15
1412 1567 1510 1635 qui
1561 1567 1740 1621 maria
1783 1582 1851 1620 ac
1896 1570 2073 1622 terras
2114 1567 2405 1636 variisque
2451 1569 2716 1624 mundum

446 1651 749 1721 Temperat
781 1652 951 1708 horis.

448 1866 747 1936 Principis.
819 1865 1028 1921 Vibius
1063 1864 1320 1935 Crispus,
1365 1882 1468 1921 aus
1503 1865 1750 1922 Vercelli
1791 1865 1937 1932 (Tac.
1965 1865 2111 1920 Dial.
2139 1867 2211 1931 8),
2261 1865 2409 1919 nach
2441 1867 2715 1936 Borghesi

449 1949 699 2007 Oeuvres
717 1951 1051 2007 V529—538
1079 1967 1192 2007 cos.
1219 1952 1341 2007 suff.
1367 1952 1660 2012 vielleicht
1678 1953 1761 2015 61,
1787 1955 2011 2006 curator
2030 1966 2299 2020 aquarum
2319 1952 2714 2019 (Frontin.102)

448 2039 668 2105 68-71,
704 2037 1012 2106 proconsul
1034 2035 1266 2092 Africae
1293 2037 1449 2100 (Plin.
1476 2038 1539 2093 N.
1566 2038 1616 2092 h.
1643 2036 1785 2092 XIX
1806 2051 2054 2105 prooem.
2080 2040 2128 2088 4}
2154 2036 2434 2093 zwischen
2462 2040 2522 2090 71
2551 2055 2605 2093 u.
2633 2041 2715 2092 75.

445 2122 605 2178 Nach
641 2121 782 2177 Stat.
822 2127 907 2186 (zu
933 2125 1013 2175 72.
1042 2125 1122 2187 73)
1160 2138 1275 2178 war
1311 2138 1372 2177 er
1408 2121 1642 2178 dreimal
1678 2121 1905 2188 Consul,
1944 2122 2047 2178 das
2069 2122 2240 2177 dritte
2264 2122 2376 2177 Mal
2399 2139 2716 2180 zusammen

447 2206 553 2262 mit
597 2206 843 2277 Vejeuto
896 2209 1008 2263 wol
1058 2210 1137 2264 im
1188 2208 1242 2265 J.
1281 2211 1345 2260 83
1403 2215 1488 2272 (zu
1516 2211 1646 2273 113).
1725 2207 1858 2262 Tac.
1896 2208 1963 2263 H.
2002 2208 2152 2262 1110
2207 2207 2414 2264 Vibius
2466 2209 2713 2278 Crispus,

446 2293 694 2360 pecunia
736 2293 999 2362 potentia
1042 2294 1276 2362 ingenio
1325 2295 1475 2349 inter
1510 2292 1694 2349 claros
1729 2293 1910 2362 magis
1946 2309 2112 2362 quam
2149 2293 2296 2348 inter
2329 2295 2510 2351 bonos
2546 2296 2713 2353 RLG.

447 2379 565 2444 297,
592 2380 638 2430 2.
695 2376 826 2434 Von
850 2379 966 2434 ihm
989 2379 1268 2435 berichtet
1292 2380 1521 2436 Sueton.
1548 2380 1758 2435 Domit.
1787 2396 1833 2433 c.
1861 2383 1891 2431 3
1930 2379 2025 2435 die
2048 2377 2334 2435 Antwort:
2372 2396 2444 2436 ne
2468 2397 2715 2438 muscam

448 2462 691 2532 quidem.
2192 2467 2202 2478 '

585 2552 664 2603 82.
748 2551 914 2605 Cuius
965 2557 1118 2606 orant
1168 2571 1338 2606 mores
1385 2552 1559 2623 qualis
1593 2550 1887 2622 facundia,
1939 2551 2067 2605 mito
2103 2552 2401 2622 Inqcnium.
2476 2552 2712 2617 Quintil.

447 2635 564 2690 XII
592 2639 670 2703 10,
702 2639 760 2688 11
801 2638 1213 2695 iucunditatem
1237 2638 1439 2707 Crispi.
1476 2639 1559 2693 Id.
1586 2639 1642 2692 X
1672 2640 1716 2703 1,
1741 2640 1837 2690 119
1862 2637 2069 2694 Vibius
2093 2637 2340 2706 Crispus,
2367 2642 2714 2708 compositus

448 2726 508 2776 et
543 2722 826 2779 iucundus
862 2730 922 2779 et
957 2725 1325 2781 delectationi
1350 2731 1532 2781 natus.
1575 2723 1658 2778 Id.
1686 2722 1740 2777 V
1769 2726 1847 2790 13,
1866 2725 1932 2775 48
1957 2722 2165 2778 Vibius
2189 2722 2423 2792 Crispus
2445 2726 2534 2779 vir
2559 2726 2718 2794 inge-

445 2809 530 2861 nii
580 2809 816 2864 iucundi
864 2814 923 2863 et
969 2809 1262 2879 elegantis.
1348 2810 1486 2866 Stat.
1536 2814 1619 2871 (zu
1656 2810 1737 2860 72.
1775 2810 1855 2872 73)
1904 2809 2164 2865 Nestorei
2211 2811 2366 2864 mitis
2411 2812 2716 2879 prudentia

450 2892 654 2962 Crispi.

586 2981 667 3031 83.
739 2979 873 3041 Quis
897 2998 1062 3034 comes
1085 2979 1312 3035 utaior?
1357 2980 1558 3037 Comes
1582 2979 1734 3036 steht
1755 2978 1877 3034 hier
1902 2979 1962 3033 in
1985 2980 2338 3036 techniscber
2360 2981 2713 3052 Bedeutung.

447 3063 572 3119 Ans
609 3064 719 3121 den
755 3066 923 3120 amici
960 3065 1205 3121 wiihlten
1241 3066 1336 3121 die
1359 3066 1561 3123 Kaiser
1598 3066 1693 3121 die
1714 3065 1999 3133 Begleiter
2035 3063 2140 3120 auf
2166 3065 2326 3120 ihren
2350 3066 2563 3123 Reisen
2596 3069 2715 3123 und

447 3151 883 3218 Expeditionen.
954 3151 1085 3208 Alle
1131 3153 1366 3208 comites
1401 3167 1588 3207 waren
1624 3150 1746 3206 also
1783 3151 1927 3206 auch
1964 3151 2156 3217 amici,
2204 3150 2364 3205 nicht
2398 3150 2508 3207 alle
2542 3154 2713 3209 amici

449 3236 593 3291 auch
628 3238 880 3294 comites.
955 3238 1060 3294 SG.
1088 3239 1116 3292 I
1146 3238 1313 3292 133ff.

586 3324 666 3374 84.
740 3323 885 3376 clade
932 3328 982 3377 ct
1020 3329 1173 3393 peste
1216 3324 1311 3377 sub
1348 3323 1458 3378 illa.
1531 3324 1599 3378 H.
1625 3321 1695 3377 A.
1733 3322 2021 3390 Elagabal.
2061 3339 2107 3376 e.
2135 3324 2200 3374 34
2237 3322 2436 3377 mirum
2473 3321 2713 3379 fortasse

448 3407 697 3476 cuipiam
748 3408 1012 3465 videatur
1061 3439 1132 3449 —
1183 3409 1337 3478 quod
1398 3409 1539 3465 haec
1593 3408 1786 3463 clades
1843 3437 1914 3447 —
1964 3407 2092 3462 loco
2149 3408 2472 3477 principum
2523 3407 2709 3465 fuerit.

446 3493 609 3548 Alex.
649 3492 775 3550 Sev.
812 3497 842 3546 2
878 3501 1011 3563 post
1044 3494 1198 3549 illam
1235 3495 1467 3561 cladem,
1506 3510 1651 3564 quae
1686 3510 1802 3549 non
1838 3494 2020 3549 solum
2053 3492 2472 3548 Antoninorum
2506 3509 2712 3551 nomen

449 3578 817 3646 decoloravit,
856 3581 957 3635 sed
993 3582 1165 3636 etiam
1202 3581 1519 3636 Romanum
1556 3579 1955 3636 dehonestavit
1991 3580 2302 3648 imperium.
2372 3579 2606 3649 Elagab.
2649 3584 2711 3633 10

447 3665 551 3720 sed
597 3663 807 3721 milites
851 3671 1066 3734 pestem
1116 3665 1269 3721 illam
1317 3666 1674 3736 imperatoris
1718 3664 1898 3721 velari
1933 3666 2161 3721 nomine
2195 3665 2319 3734 pati
2355 3665 2709 3735 nequierunt.

446 3750 608 3806 Alex.
648 3750 773 3806 Sev.
799 3753 862 3803 41
902 3751 1084 3819 pestis
1121 3751 1234 3807 illa.
1719 3764 1736 3781 ¹·

585 3837 666 3887 85.
737 3835 790 3888 α’
818 3866 887 3875 -
924 3837 1118 3891 liceret.
1202 3837 1317 3892 Der
1364 3838 1510 3893 coni.
1562 3836 1779 3907 imperf.
1828 3843 1969 3893 statt
2014 3838 2115 3892 des
2161 3837 2308 3891 coni.
2355 3835 2708 3907 plusquamp.

448 3922 695 3990 {Madvig
729 3922 790 3976 L.
828 3921 921 3977 Gr.
959 3927 989 3987 g
1014 3923 1160 3978 3471>
1186 3925 1232 3987 2)
1270 3924 1380 3979 wie
1417 3926 1465 3991 6,
1491 3925 1618 3989 388;
1659 3924 1706 3990 7,
1731 3924 1950 3975 ‹is-71.
1977 3924 2093 3974 212.

586 4010 667 4059 87.
741 4025 858 4060 cum
892 4026 996 4078 quo
1032 4025 1084 4063 v.
1111 4011 1158 4060 9.

582 4092 647 4147 dc
684 4093 895 4163 pluviis
940 4098 1036 4147 aut
1082 4094 1312 4148 αοείίόυε
1357 4099 1452 4148 aut
1493 4094 1728 4149 nimboso
1783 4096 1915 4149 Vero
1960 4092 2196 4148 locuturi
2236 4120 2304 4130 -
2351 4090 2525 4144 amici.
2602 4091 2710 4148 Ge-

446 4178 680 4246 spi-acho
717 4178 856 4234 iiber
892 4179 994 4234 das
1028 4179 1245 4235 Wetter
1278 4195 1468 4235 waren
1503 4180 1891 4250 gewtihnliche
1920 4177 2350 4234 Liickenbiisser
2388 4177 2486 4232 der
2510 4177 2710 4233 Unter-

445 4263 697 4334 haltung.
755 4264 972 4321 Seneca
995 4265 1137 4335 Epp.
1165 4267 1247 4331 23,
1278 4268 1330 4331 1;
1377 4268 1459 4333 67,
1492 4269 1533 4318 1.
1589 4267 1783 4322 Horat.
1822 4266 1935 4322 Sat.
1974 4266 2032 4320 11
2058 4266 2105 4329 6,
2130 4265 2213 4315 44.
2283 4263 2426 4332 Epp.
2463 4263 2599 4331 118,
2629 4266 2706 4318 19.

447 4348 552 4405 SG.
580 4350 610 4405 1
634 4351 752 4416 432,
777 4353 810 4403 4
835 4367 889 4407 u.
915 4353 962 4403 5.
