3334 5075
646 352 772 415 492
1464 348 1755 405 Iuvenalis
1791 355 2106 405 saturarum

817 520 1012 587 sumit
1057 527 1124 586 et
1167 540 1209 585 a
1252 539 1451 587 censu
1494 520 1738 586 famam
1783 516 1999 586 trahit.
2088 520 2274 585 illum
2319 539 2442 604 ego
2486 521 2627 586 iure

817 630 1192 715 despiciam,
1241 634 1353 716 qui
1397 633 1521 698 scit
1565 638 1809 714 quanto
1853 632 2186 699 sublimior
2227 631 2460 698 Atlans

689 749 767 806 25
816 742 1114 809 omnibus
1157 745 1227 808 in
1269 742 1482 827 Libya
1524 744 1610 808 sit
1653 743 1996 824 montibuS,
2046 742 2154 808 hic
2196 750 2417 810 tamen
2459 743 2637 810 idem

815 855 1074 938 ignoret
1117 861 1431 937 quantum
1475 853 1725 920 ferrata
1769 854 1966 920 distet
2008 855 2093 919 ab
2139 873 2291 920 arca

817 966 1132 1031 sacculus.
1225 986 1262 1031 e
1307 964 1489 1031 caelo
1536 964 1876 1031 descendit
1916 965 2104 1051 γνῶθι
2148 962 2396 1031 σεαυτὸν

816 1074 1146 1160 figendum
1190 1082 1257 1142 et
1300 1078 1568 1142 memori
1612 1076 2023 1142 tractandum
2064 1084 2348 1161 pectore,
2396 1079 2539 1143 sive

818 1188 1186 1270 coniugium
1235 1207 1512 1269 quaeras
1555 1188 1663 1253 vel
1708 1188 1875 1253 sacri
1921 1189 1990 1252 in
2034 1196 2221 1272 parte
2266 1196 2535 1254 senatus

691 1304 769 1362 3ο
817 1316 966 1363 esse
1008 1299 1173 1364 velis
1219 1335 1304 1346 -
1346 1318 1561 1381 neque
1606 1300 1781 1364 enim
1823 1298 2096 1364 loricam
2138 1301 2350 1383 poscit
2391 1299 2666 1365 Achillis

818 1409 1174 1492 Thersites,
1221 1410 1289 1474 in
1333 1429 1464 1493 qua
1508 1428 1579 1475 se
1623 1409 2006 1476 traducebat
2049 1409 2277 1476 Vlixes
2322 1447 2408 1458 —

816 1520 1167 1603 ancipitem
1212 1539 1329 1586 seu
1372 1528 1442 1586 tu
1485 1540 1723 1605 magno
1769 1519 2141 1586 discrimine
2185 1541 2450 1588 causam

817 1638 1163 1716 protegere
1207 1631 1523 1714 adfectas,
1569 1639 1635 1697 te
1682 1634 1967 1715 consule,
2014 1631 2121 1698 dic
2163 1633 2283 1699 tibi
2329 1634 2441 1715 qui
2486 1633 2596 1713 sis,

818 1749 1035 1810 orator
1079 1742 1432 1809 vehemens
1479 1763 1564 1807 an
1608 1743 1870 1809 Curtius
1917 1749 1982 1809 et
2024 1742 2244 1808 Matho
2290 1743 2551 1809 buccae.

691 1860 770 1917 35
818 1852 1152 1920 noscenda
1196 1861 1297 1919 est
1337 1872 1642 1920 mensura
1688 1855 1789 1919 sui
1836 1852 2324 1938 spectandaque
2368 1854 2564 1919 rebus

818 1966 888 2030 in
933 1964 1201 2030 summis
1244 1965 1680 2048 minimisque,
1731 1966 1924 2031 etiam
1973 1984 2117 2030 cum
2160 1965 2360 2049 piscis
2405 1972 2671 2046 emetur,

853 2171 934 2220 23.
1006 2170 1195 2234 sumit]
1233 2175 1491 2239 sumptus
1530 2168 1815 2223 Heinrich.

853 2257 918 2306 30
933 2269 1006 2309 ss.
1048 2258 1248 2321 (neque
1283 2284 1354 2293 —
1389 2255 1714 2322 ancipitem)
1744 2272 1854 2324 pro
1888 2253 2096 2325 spuria
2129 2253 2316 2307 habuit
2353 2253 2640 2309 Heimcke.

785 2433 866 2483 28.
939 2431 1215 2486 Priscian.
1241 2431 1357 2486 VII
1387 2434 1465 2499 12,
1493 2434 1558 2485 63
1597 2433 1761 2490 GLK.
1790 2434 1849 2488 II
1879 2435 1994 2499 340,
2020 2435 2100 2485 21.

693 2655 702 2665 ‚
785 2603 865 2653 25.
938 2600 1026 2654 hic
1057 2632 1128 2641 —
1162 2602 1317 2655 idem.
1391 2604 1474 2658 Zu
1509 2604 1557 2667 3,
1588 2604 1701 2654 148.

784 2687 865 2739 27.
939 2706 967 2740 c
1002 2689 1145 2741 caelo
1180 2687 1445 2741 descendit
1478 2692 1666 2756 γνῶθι
1694 2685 1945 2741 σεαυτόν.
2020 2689 2101 2743 Zu
2137 2691 2184 2755 2,
2216 2692 2299 2741 40.

787 2773 869 2823 28.
927 2773 1228 2843 fiqendum.
1300 2772 1583 2829 Aehnlich
1617 2774 1729 2829 wie
1765 2775 1814 2841 9,
1839 2776 1921 2826 94.
2655 2843 2660 2847 .

785 2859 866 2909 29.
938 2858 1087 2911 sacri
1118 2887 1184 2898 —
1219 2863 1448 2912 senatus.
1521 2859 1640 2914 Das
1686 2859 2078 2927 gewbhnliche
2121 2860 2371 2916 Beiwort
2415 2860 2515 2916 des
2559 2859 2796 2916 Senates
2846 2861 2922 2917 ist

651 2947 899 3009 sanctim,
935 2943 1147 3013 griech-
1184 2943 1220 3013 ή
1261 2945 1370 3013 ἱερὰ
1406 2943 1704 3015 σύγκλητος.
1778 2944 1885 3000 SG.
1911 2944 1940 2998 I
1976 2947 2093 2997 448.

785 3030 875 3080 31:
933 3028 992 3083 in
1029 3030 1128 3084 der
1164 3029 1283 3085 sich
1322 3030 1500 3086 selbst
1535 3029 1824 3099 odysseus
1858 3029 2162 3086 liicherlich
2197 3029 2434 3086 machte.
2506 3030 2587 3086 Zu
2624 3032 2673 3096 2,
2705 3032 2816 3083 159.

784 3116 865 3165 33.
939 3118 991 3167 te
1025 3116 1252 3169 consulo.
1325 3115 1452 3171 Son.
1490 3116 1633 3185 Epp.
1661 3118 1744 3183 59,
1774 3118 1835 3168 14
1873 3132 2025 3170 nunc
2061 3117 2187 3185 ipse
2224 3122 2283 3171 te
2319 3115 2568 3172 consule.
2641 3116 2724 3170 Id.
2763 3116 2829 3172 N.
2868 3131 2919 3185 q.

646 3197 730 3252 IV
753 3197 929 3268 praef.
954 3202 985 3262 §⁵
1016 3201 1077 3249 18
1115 3200 1240 3268 ipse
1277 3206 1335 3255 te
1360 3201 1610 3267 consule,
1647 3216 1857 3257 verane
1883 3217 1956 3255 an
1979 3200 2123 3257 falsa
2144 3202 2558 3257 memoraveris.
2612 3200 2757 3255 Plin.
2776 3200 2919 3270 Epp.

644 3283 759 3337 VII
791 3286 868 3350 16,
895 3286 926 3335 5
962 3290 1134 3352 teque
1171 3285 1310 3352 quid
1344 3283 1488 3340 velis
1523 3287 1772 3340 consule.
1845 3287 1972 3342 Seu.
2010 3288 2220 3343 Benefi'.
2257 3287 2343 3342 VI
2379 3288 2461 3353 38,
2499 3289 2530 3338 5
2568 3287 2815 3356 denique
2861 3301 2923 3342 se

646 3370 886 3438 quisque
922 3368 1185 3425 consulat
1219 3374 1278 3425 et
1313 3371 1373 3424 in
1409 3374 1690 3425 secretum
1723 3373 1976 3439 pectoris
2012 3373 2101 3425 sui
2138 3373 2350 3429 redeat„

645 3539 688 3593 Ζ
784 3455 883 3523 qm·
912 3453 1001 3507 οδε.
1073 3455 1192 3510 Nur
1227 3453 1350 3510 hier
1375 3457 1474 3524 qui
1501 3457 1562 3511 in
1586 3455 1745 3512 einer
1770 3456 2091 3511 indirecten
2113 3456 2313 3524 Frage,
2350 3464 2512 3514 sonat
2534 3456 2754 3513 ἤδει-811
2776 3457 2920 3526 quis.

691 3556 728 3594 u
764 3541 813 3605 6,
851 3541 968 3591 571.

785 3626 867 3676 34.
947 3624 1167 3677 Curtius
1202 3630 1252 3678 et
1288 3625 1483 3679 Matho
1519 3625 1724 3679 buccae.
1796 3625 1980 3681 Schol.
2020 3626 2377 3682 iactanticuli
2415 3626 2533 3691 (sic)
2570 3627 2671 3695 qui
2704 3631 2925 3681 tantum

644 3708 859 3764 buccas
906 3708 1107 3765 inflant
1154 3715 1214 3765 et
1254 3709 1400 3765 nihil
1445 3711 1658 3766 dicunt.
1745 3712 2046 3768 Heinrich:
2098 3707 2559 3779 ‘Backenbliiser,
2610 3709 2923 3782 φυσίγναθοι,

629 3794 756 3848 wie
782 3794 881 3848 der
906 3794 1115 3850 Fmsch
1141 3797 1202 3850 in
1227 3795 1328 3851 der
1351 3795 2029 3866 Batrachomyomachie’3
2068 3802 2243 3853 etwas
2268 3797 2472 3853 anders
2503 3799 2551 3863 3,
2577 3799 2660 3850 35.
2706 3796 2925 3852 Curtius

646 3885 809 3936 sonst
850 3881 1145 3951 nirgends,
1195 3883 1295 3938 der
1344 3881 1674 3938 causidicus
1710 3883 1904 3936 Matho
1939 3882 2084 3939 auch
2124 3885 2170 3950 1,
2208 3885 2273 3936 32
2320 3884 2453 3952 (ng.
2492 3883 2545 3937 d.
2581 3881 2768 3947 Anm.)
2808 3882 2926 3937 und

649 3969 697 4033 7,
740 3968 852 4019 129.

785 4055 866 4105 35.
938 4053 1200 4106 noscenda
1234 4057 1312 4106 cst
1345 4070 1595 4107 mensura
1626 4053 1727 4106 cui.
1801 4054 2031 4110 Hieron.
2067 4055 2212 4124 Epp.
2250 4056 2311 4108 61
2344 4076 2408 4100 ι-
2436 4056 2500 4106 75
2536 4053 2613 4108 ad
2646 4052 2922 4123 Vigilant-

644 4140 676 4201 ξ
714 4140 743 4189 3
780 4139 1080 4207 prudentis
1114 4139 1361 4195 hominis
1399 4143 1486 4195 est
1517 4154 1689 4195 nosse
1722 4154 2041 4196 mensuram
2063 4139 2237 4196 suam.
2299 4139 2432 4195 Wol
2455 4137 2924 4209 sprichwbrtlich,

645 4224 757 4292 vgl.
797 4223 932 4279 Otto
968 4223 1090 4294 Spr.
1129 4230 1297 4280 unter
1333 4227 1531 4281 metiri.

784 4311 867 4361 36.
941 4309 1001 4363 in
1034 4310 1253 4365 summis
1287 4309 1640 4380 minimisque.
1716 4311 1796 4366 Zu
1836 4315 1880 4378 1,
1911 4314 1989 4363 14.

1303 4500 1348 4545 “
1395 4560 1398 4563 .
