3334 5075
1152 379 1324 435 Liber
1359 384 1608 449 quartus.
1685 378 1890 436 Satura
1924 380 2023 435 XI.
2599 383 2726 448 503

619 549 738 618 sed
783 569 906 617 nec
949 556 1227 617 structor
1274 551 1398 617 erit
1441 552 1543 616 cui
1590 548 1827 617 cedere
1872 549 2110 616 debeat
2153 553 2364 617 omnis

616 662 911 747 pergula,
962 659 1319 746 discipulus
1363 662 1688 747 Trypheri
1733 661 2033 743 doctoris,
2082 667 2243 746 aput
2286 681 2476 745 quem

618 774 872 840 sumine
917 791 1064 838 cum
1105 792 1346 856 magno
1387 775 1575 857 lepus
1620 781 1818 857 atque
1863 792 2023 858 aper
2067 780 2133 840 et
2176 792 2514 858 pygargus

617 891 684 952 et
727 883 1078 968 Scythicae
1121 883 1422 950 volueres
1463 890 1530 950 et
1572 883 2122 969 phoenicopterus
2165 884 2401 968 ingens

449 1004 569 1060 140
619 1003 684 1063 et
730 995 1048 1062 Gaetulus
1093 1013 1258 1079 oryx
1301 994 1524 1062 hebeti
1568 995 1935 1064 lautissima
1979 994 2151 1061 ferro

615 1104 914 1174 caeditur
959 1113 1026 1172 et
1068 1113 1206 1173 tota
1249 1113 1442 1172 sonat
1484 1106 1707 1173 ulmea
1749 1125 1916 1173 cena
1958 1105 2235 1172 Subura.

616 1237 740 1285 nec
784 1217 1062 1285 frustum
1108 1236 1389 1303 capreae
1433 1218 1795 1285 subducere
1839 1237 1962 1283 nec
2004 1217 2177 1284 latus
2221 1217 2423 1283 Afrae

618 1329 800 1396 novit
844 1329 988 1395 avis
1032 1335 1270 1411 noster,
1318 1330 1681 1396 tirunculus
1727 1348 1805 1394 ac
1846 1328 2031 1395 rudis
2076 1330 2249 1395 omni

615 1447 908 1525 tempore
954 1447 1020 1505 et
1065 1440 1345 1525 exiguae
1391 1441 1580 1507 furtis
1623 1439 1891 1506 inbutus
1935 1439 2198 1507 ofellae.

655 1596 769 1647 143.
842 1593 1036 1649 Horat.
1071 1593 1252 1662 Epod.
1290 1595 1336 1660 2,
1361 1585 1429 1645 '53
1477 1610 1594 1649 non
1639 1592 1785 1649 Afra
1833 1594 1958 1649 avis
2006 1593 2318 1650 descendat
2366 1593 2427 1649 in
2469 1599 2723 1650 ventrem

440 1695 641 1735 meum.

585 1818 699 1870 136.
770 1817 859 1873 Fr.
884 1817 1024 1873 Βοὴ.
1062 1815 1228 1873 GLK.
1255 1816 1372 1872 vn
1399 1795 1515 1883 5114,
1543 1817 1607 1869 28
1645 1818 1890 1873 struices
1915 1846 1983 1855 —
2016 1817 2167 1872 unde
2204 1816 2375 1872 stiam
2411 1821 2721 1872 structores

441 1903 728 2042 dleusslglsslr·
773 1988 855 2044 Ib.
894 2003 1186 2058 pygargus
1220 2002 1392 2056 caper
1428 2003 1557 2042 cum
1593 1988 1856 2044 candidis
1892 1986 2171 2043 clunibus.

587 2075 700 2125 140.
771 2073 1046 2129 Priscian.
1074 2071 1390 2141 V1112,65
1428 2072 1594 2129 GLK.
1621 2073 1681 2128 11
1709 2075 1825 2140 ³42,
1856 2076 1934 2126 13.

585 2160 765 2213 142ss.
839 2157 1111 2214 Priscian.
1138 2157 1229 2213 ΙΙΙ
1256 2160 1304 2224 6,
1331 2160 1396 2210 34
1435 2158 1600 2214 GLK.
1628 2159 1688 2214 II
1716 2162 1831 2225 108,
1861 2162 1889 2208 5
1928 2161 2051 2222 (nec
2074 2157 2315 2214 frustum
2339 2186 2408 2195 —-
2432 2159 2716 2225 tempore).

585 2299 696 2349 136.
770 2299 1018 2349 structor.
1089 2292 1256 2349 Auch
1291 2293 1416 2350 hier
1450 2294 1712 2363 zugleich
1747 2295 1974 2352 scissor.
2048 2296 2130 2350 Zu
2166 2298 2213 2362 5,
2243 2296 2529 2347 120—122.

584 2383 698 2434 137.
772 2380 942 2434 omnis
995 2381 1258 2451 Per-qula,
1294 2380 1462 2451 jedes
1506 2380 2022 2437 Unterrichtslokal
2069 2382 2170 2436 der
2211 2381 2417 2436 Lehrer
2475 2380 2573 2435 der
2629 2394 2721 2434 ars

440 2467 743 2524 scindendi
795 2473 879 2528 (zu
921 2469 968 2533 5,
1016 2467 1305 2530 120—122)
1353 2467 1463 2521 wie
1500 2467 1600 2522 des
1639 2467 1871 2531 (damals
1918 2466 2172 2523 offenhar
2216 2465 2715 2523 stadtbekannten)

439 2553 784 2624 Trypherus.
862 2553 1110 2622 Per-qula,
1149 2553 1244 2608 ein
1276 2551 1511 2608 Vorbau
1548 2569 1620 2607 an
1657 2552 1842 2609 einem
1865 2553 2056 2610 Hause
2093 2554 2230 2609 oder
2266 2555 2423 2609 einer
2444 2552 2719 2617 'Faber-ne,

441 2639 542 2695 der
580 2654 726 2693 zwar
762 2637 1012 2694 hedeckt
1047 2637 1184 2693 aber
1219 2637 1367 2693 ohne
1395 2638 1959 2715 Seitenwtindeyar,
1997 2639 2117 2694 und
2140 2637 2225 2694 als
2250 2636 2488 2705 Atelier,
2525 2637 2720 2692 Laden

442 2725 560 2780 und
597 2722 927 2780 Schullokal
962 2723 1200 2778 benutzt
1231 2724 1443 2779 wurde.
1499 2723 1607 2778 Prl.
1635 2726 1702 2775 93
1725 2724 1762 2778 f.

583 2812 696 2862 138.
762 2826 1054 2879 pyqarquo.
1115 2808 1258 2863 Ρ1111.
1273 2809 1340 2865 N.
1354 2808 1405 2861 h.
1423 2809 1566 2864 VIII
1593 2812 1692 2861 214
1721 2808 2066 2878 (Gattungen
2091 2809 2193 2865 der
2215 2812 2462 2876 caprae):
2502 2813 2636 2863 sunt
2661 2811 2721 2862 et

442 2895 642 2952 damae
667 2900 726 2950 et
748 2895 991 2965 pygargi
1019 2899 1078 2950 et
1111 2895 1540 2963 strepsicerotes
1576 2895 1866 2964 multaque
1903 2895 2020 2950 alia
2052 2894 2207 2950 haud
2243 2892 2560 2950 dissimilia.
2618 2893 2719 2949 sed

442 2980 543 3036 illa
577 2980 772 3049 Alpes,
806 2981 950 3036 haec
985 2981 1347 3037 transmarini
1382 2982 1528 3036 situs
1564 2982 1812 3037 mittunt.
1886 2980 1993 3036 SG.
2020 2979 2078 3035 II
2107 2981 2223 3032 546.

584 3068 699 3118 139.
771 3064 958 3121 Ueber
1019 3065 1114 3120 die
1179 3064 1583 3135 regelmassige
1648 3064 2230 3133 Znsammenstellung
2287 3081 2402 3120 von
2459 3065 2719 3119 Pasanen

441 3150 739 3222 (Scythicae
787 3152 1038 3215 volucres)
1086 3152 1204 3206 und
1251 3151 1634 3207 Perlhiibnern
1679 3155 1881 3224 (Afrae
1904 3180 1972 3191 —-
2003 3169 2128 3205 aves
2163 3167 2214 3205 v.
2247 3153 2379 3217 142),
2425 3165 2587 3204 wozu
2624 3166 2718 3205 zu-

439 3237 649 3293 weilen
696 3236 842 3292 auch
891 3236 992 3292 der
1035 3235 1332 3306 Flamingo
1381 3237 1856 3307 (phoenicopterus)
1904 3238 2143 3304 kommt‚
2199 3235 2296 3292 bei
2357 3233 2718 3304 Aufziihlung

437 3339 554 3379 von
596 3321 1009 3378 Leckerhissen
1045 3321 1151 3377 SG.
1177 3322 1268 3377 III
1296 3324 1377 3387 33,
1404 3326 1451 3375 4.

582 3411 696 3461 140.
779 3408 1040 3461 Gaetulus
1075 3424 1223 3476 oryx.
1293 3407 1438 3463 Plin.
1464 3409 1531 3465 N.
1556 3410 1609 3463 h.
1634 3408 1781 3464 VIII
1816 3412 1916 3461 214
1955 3407 2299 3478 (Gattungen
2335 3408 2436 3463 der
2471 3408 2717 3474 caprae&

438 3501 572 3551 sunt
608 3499 667 3550 et
701 3508 925 3563 oryges‚
961 3491 1071 3548 soli
1109 3493 1448 3562 quibusdam
1485 3495 1628 3550 dicti
1665 3495 1953 3551 contrario
1989 3495 2111 3563 pilo
2136 3494 2335 3550 vestiri
2363 3498 2423 3548 et
2446 3492 2520 3547 ad
2543 3497 2718 3559 caput

439 3594 619 3636 verso.
671 3579 726 3633 X
763 3579 857 3631 201
901 3593 1134 3648 orygem
1169 3584 1448 3647 perpetuo
1484 3580 1747 3637 sitientia
1767 3578 2001 3637 Africae
2037 3586 2327 3649 generant.
2381 3579 2541 3633 Mart.
2567 3576 2717 3632 XIII

439 3667 524 3733 95,
551 3667 582 3717 2
619 3680 827 3721 saevus
864 3680 1021 3733 oryx.
1082 3662 1188 3719 SG.
1213 3665 1272 3719 Π
1298 3667 1415 3718 544.

574 3749 750 3804 hebeti
777 3779 850 3788 —
872 3753 1052 3819 smo.
1111 3749 1337 3805 Petron.
1368 3753 1434 3803 94
1469 3751 1631 3806 rudis
1654 3781 1727 3790 —
1748 3752 2035 3807 novacula
2071 3760 2130 3810 et
2166 3752 2227 3806 in
2262 3751 2371 3806 hoc
2405 3755 2613 3815 retusa,
2652 3755 2717 3803 ut

436 3837 631 3905 pueris
669 3835 1023 3891 discentibus
1059 3835 1360 3892 andaciam
1396 3837 1646 3894 tonsoris
1685 3838 1861 3894 daret.

580 3924 694 3973 141.
765 3921 943 3974 ulma
977 3940 1132 3975 cena.-
1181 3921 1276 3977 die
1322 3938 1422 3977 zur
1454 3922 1698 3990 Uebung
1744 3923 1845 3978 der
1892 3923 2127 3979 Sehfller
2173 3923 2249 3977 im
2286 3919 2715 3977 Vorschneiden

439 4005 616 4061 durch
649 4005 962 4061 Phantome
998 4022 1100 4063 aus
1135 4006 1469 4063 Ulmenholz
1504 4007 1940 4077 nachgebildete
1974 4008 2254 4064 Mahlzeit.

580 4094 694 4144 143.
767 4097 946 4145 noster
981 4093 1081 4148 der
1116 4109 1189 4147 an
1225 4094 1466 4149 meinem
1500 4093 1678 4149 Tisch
1716 4092 2099 4150 aufwartende
2136 4092 2359 4149 Sklave.

578 4179 692 4229 144.
766 4177 988 4248 exiyuao
1024 4207 1093 4216 —
1127 4181 1337 4248 osellae.
1409 4179 1522 4233 Ein
1568 4177 1882 4245 einfaches‚
1939 4179 2085 4234 ohne
2128 4179 2317 4235 Kunst
2360 4177 2478 4232 und
2521 4177 2715 4233 Luxus

435 4261 830 4319 herstellbares
876 4263 1123 4319 Gericht.
1213 4264 1373 4320 Mart.
1399 4265 1515 4320 XII
1543 4266 1718 4331 48,17
1768 4279 1857 4320 me
1905 4279 2063 4321 mens
2114 4265 2190 4320 ad
2237 4264 2457 4320 subitas
2507 4264 2715 4319 invitet

437 4347 656 4403 amicus
692 4347 906 4405 ofellas.
963 4349 1045 4404 Id.
1073 4349 1129 4404 X
1151 4351 1235 4416 48,
1267 4353 1329 4402 15
1368 4356 1427 4406 et
1451 4366 1598 4420 quae
1620 4367 1737 4406 non
1763 4356 1970 4421 egeant
1991 4350 2140 4407 ferro
2166 4349 2466 4407 structoris
2493 4349 2711 4406 ofellae.
