3334 5075
1157 366 1327 421 Liber
1361 366 1580 421 tertius.
1655 365 1861 420 Satura
1898 367 1996 420 IX.
2588 370 2707 429 441

489 545 566 601 65
616 537 754 604 lata
797 539 973 604 acies
1018 557 1138 622 per
1181 557 1376 621 quam
1422 536 1652 602 sollers
1698 538 1911 603 evasit
1955 536 2219 616 Vlixes;

614 652 779 715 alter
822 648 1135 716 emendus
1183 649 1320 730 erit,
1371 667 1651 731 namque
1697 648 1803 713 hic
1844 667 1975 713 uon
2021 647 2277 729 sufficit,
2328 650 2518 715 ambo

612 759 948 845 pascendi.
1038 760 1195 843 quid
1240 781 1432 845 agam
1476 761 1708 826 bruma
1752 758 2091 843 spirante?
2140 759 2316 842 quid,
2363 779 2491 843 oro,

614 871 773 955 quid
816 871 1028 938 dicam
1074 872 1362 956 scapulis
1407 890 1753 955 puerorum
1798 872 2101 954 aquilone
2145 871 2474 961 decembri

613 991 680 1050 et
723 983 1052 1067 pedibus?
1100 977 1372 1049 “durate
1419 990 1616 1066 atque
1660 989 2006 1066 expectate
2050 975 2400 1048 cicadas''?

492 1103 566 1157 70
613 1114 838 1161 verum
884 1102 957 1160 ut
1000 1094 1389 1175 dissimules,
1439 1101 1512 1159 ut
1555 1095 1775 1162 mittas
1819 1101 2056 1175 cetera,
2105 1101 2347 1176 quanto

613 1207 861 1271 metiris
905 1207 1130 1289 pretio,
1180 1204 1353 1288 quod
1396 1206 1464 1270 ni
1509 1206 1629 1271 tibi
1674 1204 1934 1272 deditus
1981 1223 2194 1271 essem

614 1317 1017 1399 devotusque
1063 1318 1281 1398 cliens,
1332 1336 1496 1382 uxor
1535 1325 1650 1382 tua
1695 1317 1878 1400 virgo
1924 1314 2264 1382 maneret?

615 1428 743 1494 scis
787 1436 962 1493 certe
1006 1428 1242 1511 quibus
1287 1429 1416 1494 ista
1458 1427 1685 1508 modis,
1736 1446 1929 1510 quam
1975 1446 2175 1510 saepe
2217 1427 2470 1511 rogaris

615 1547 681 1605 et
724 1558 893 1622 quae
938 1539 1282 1622 pollicitus,
1375 1539 1733 1622 fugientem
1779 1557 1980 1621 saepe
2025 1538 2313 1621 puellam

491 1658 566 1711 75
614 1651 921 1734 amplexu
966 1652 1187 1734 rapui;
1233 1650 1493 1715 tabulas
1539 1669 1797 1733 quoque
1841 1655 2109 1731 ruperat
2152 1655 2218 1714 et
2260 1650 2390 1715 iam

616 1761 933 1845 signabat,
983 1768 1119 1826 tota
1163 1762 1274 1825 vix
1319 1761 1440 1826 hoc
1487 1780 1607 1844 ego
1653 1767 1841 1825 nocte
1886 1759 2132 1825 redemi

613 1880 680 1939 te
723 1873 1023 1955 plorante
1067 1873 1255 1951 foris3
1302 1873 1488 1938 testis
1531 1872 1694 1936 mihi
1735 1869 2009 1935 lectulus
2055 1877 2121 1935 et
2164 1877 2250 1951 tu,

649 2063 729 2113 68.
804 2061 1070 2129 aquilone
1111 2062 1188 2113 P.-
1225 2058 1554 2128 adscriptum
1591 2058 1685 2115 vel
1722 2072 1912 2113 mense
1952 2057 2044 2122 <sic
2078 2063 2153 2122 m).

442 2214 502 2253 er
536 2198 732 2252 mahut
763 2197 914 2252 mich
950 2214 1014 2252 so
1051 2197 1173 2252 laut
1206 2196 1483 2261 brisslend,
1534 2197 1642 2250 wic
1692 2197 1791 2251 der
1840 2196 2147 2264 einaugige
2182 2195 2587 2264 Polyphemus,
2639 2197 2714 2252 ist

441 2283 783 2352 unmoglich.

581 2372 662 2421 67.
735 2368 885 2421 ambo
922 2368 1195 2422 Pascendi.
1270 2368 1351 2421 Zu
1387 2371 1434 2432 3,
1467 2370 1578 2418 141.

580 2457 661 2506 68.
732 2455 968 2523 scapulis
995 2470 1308 2522 puerorum,
1358 2453 1454 2507 ein
1488 2451 1798 2507 Ausdruck
1834 2454 1935 2507 der
1969 2452 2508 2522 Umgaugssprache.
2583 2453 2712 2509 Seu.

443 2542 583 2609 Epp.
617 2543 694 2597 17,
725 2543 787 2592 19
823 2540 1009 2595 ventri
1047 2546 1107 2595 et
1140 2538 1390 2606 scapulis
1427 2554 1591 2593 suum
1625 2539 1849 2603 reddet;
1891 2543 1972 2606 63,
2004 2542 2059 2591 11
2103 2540 2153 2594 si
2191 2539 2320 2608 quis
2358 2539 2714 2609 despoliatus

444 2626 651 2680 amissa
683 2627 857 2680 unica
891 2627 1088 2681 tunica
1112 2624 1461 2692 complorare
1486 2639 1547 2679 se
1572 2623 1735 2678 malit
1757 2640 1925 2692 quam
1951 2625 2400 2692 circumspicere,
2427 2626 2712 2693 quomodo

442 2709 623 2779 frigus
660 2711 897 2777 effugiat
940 2718 999 2766 et
1046 2710 1264 2778 aliquid
1318 2710 1599 2773 inveniat,
1656 2725 1769 2778 quo
1823 2715 1984 2776 tegat
2028 2709 2316 2778 scapulas,
2364 2725 2554 2765 nonne
2604 2710 2712 2765 tibi

442 2797 707 2851 videatur
742 2794 1147 2850 stultissimus?
1197 2794 1316 2849 Vit.
1345 2795 1491 2850 beat.
1519 2797 1600 2861 25,
1629 2798 1659 2846 2
1698 2793 1846 2849 malo
1884 2794 2024 2862 quid
2058 2795 2197 2850 mihi
2224 2796 2399 2850 animi
2424 2797 2501 2851 sit
2525 2800 2714 2850 osten·

444 2883 576 2937 dere
613 2884 1000 2950 praetextatus
1038 2885 1096 2935 et
1129 2886 1476 2949 gausapatus
1513 2895 1681 2948 quam
1715 2879 1886 2933 nudis
1935 2879 2185 2948 scapulis
2233 2888 2335 2936 aut
2381 2881 2710 2936 semitectis.

583 2970 662 3018 70.
735 2970 994 3034 quantum
1028 2964 1334 3029 dats-simules,
1372 2965 1481 3020 wic
1519 2965 1646 3019 sehr
1684 2964 1759 3018 du
1798 2963 1930 3017 dich
1965 2965 2111 3019 auch
2146 2964 2346 3031 stellet,
2397 2965 2481 3020 als
2526 2966 2598 3019 ob
2637 2965 2711 3018 du

442 3053 627 3108 nichts
663 3052 864 3120 gehort
911 3050 1123 3109 habest,
1172 3051 1281 3104 wie
1328 3067 1371 3104 z.
1405 3052 1467 3103 B.
1502 3051 1661 3104 Mart.
1700 3049 1785 3102 XI
1827 3051 1939 3114 108,
1975 3052 2004 3100 4
2044 3055 2198 3104 taces
2236 3048 2711 3116 dissimulasquc'?

443 3140 565 3193 Iuv.
598 3140 675 3204 16,
701 3140 733 3189 9
771 3137 880 3193 etsi
916 3136 1187 3204 pulsetur,
1226 3134 1559 3190 dissimulet.

581 3226 662 3274 73.
735 3222 875 3275 ista.-
931 3222 1062 3275 dass
1100 3221 1190 3274 ich
1227 3226 1368 3276 statt
1402 3221 1598 3276 deiuer
1635 3222 1730 3275 die
1767 3220 2020 3276 ehcliche
2055 3219 2260 3275 Pflicht
2303 3219 2540 3275 erfiillen
2587 3218 2710 3273 soll.

582 3309 799 3360 74—77.
873 3305 973 3360 Ich
1008 3306 1151 3361 habe
1189 3306 1358 3360 deine
1384 3307 1565 3374 junge
1601 3307 1751 3361 Frau
1793 3310 1879 3365 (zu
1905 3308 1952 3369 2,
1974 3308 2055 3371 59)
2094 3322 2208 3360 von
2245 3305 2344 3359 der
2369 3304 2709 3372 Scheidung‚

443 3395 538 3449 die
574 3393 660 3448 sie
697 3392 870 3448 schon
908 3392 1251 3447 einzuleiten
1288 3392 1362 3445 im
1397 3392 1617 3459 Begriff
1646 3407 1777 3457 war,
1817 3390 2310 3459 zurtickgehalten.

583 3480 662 3530 75.
736 3478 942 3530 tabulae
988 3477 1099 3531 den
1143 3477 1548 3542 Ehecontract,
1603 3476 1714 3530 wie
1763 3479 1809 3542 2,
1851 3479 1946 3528 119
2001 3478 2262 3544 signatae
2314 3473 2542 3530 tabulae
2596 3474 2712 3528 und

442 3567 490 3631 6,
519 3567 618 3616 200
656 3564 755 3618 der
790 3561 1424 3631 Verlobungscontract,
2344 3626 2347 3627 ⁷

578 3654 817 3716 ruperat,
854 3648 963 3701 wie
999 3646 1131 3702 Tac.
1157 3646 1227 3701 Αἵ
1248 3648 1330 3701 XI
1359 3650 1424 3698 30
1459 3648 1725 3702 redderet
1769 3661 2001 3702 uxorem
2045 3654 2441 3716 rumperetque
2486 3643 2712 3701 tabulas

441 3735 744 3804 nuptiales.
817 3732 945 3801 Vgl.
972 3732 1220 3787 Dirkscn
1255 3732 1519 3787 Manuale
1557 3748 1598 3786 s.
1625 3748 1884 3800 rumpere
1926 3736 2070 3798 {vom
2104 3732 2457 3788 Testament:
2498 3730 2713 3785 delebit

441 3820 666 3876 tabulas
705 3821 784 3883 12,
815 3820 910 3869 123
947 3818 1062 3873 und
1100 3818 1324 3873 tabulas
1346 3824 1563 3873 mutare
1606 3821 1684 3883 1⁴,
1710 3821 1807 3882 54).
1868 3814 1978 3872 ‘An
2015 3819 2109 3872 ein
2132 3817 2457 3872 Testament
2492 3817 2568 3872 ist
2589 3816 2712 3870 hier

442 3906 618 3961 schon
655 3903 885 3960 deshalb
924 3903 1084 3958 nicht
1106 3920 1175 3966 zu
1201 3902 1440 3967 denhem
1478 3902 1610 3958 weil
1645 3901 1971 3958 kinderlose
1996 3903 2269 3957 Ehcleute
2292 3918 2406 3956 von
2442 3900 2713 3955 einander

442 4007 546 4046 nur
593 3991 704 4046 den
751 3990 989 4045 zehnten
1023 3988 1187 4042 Theil
1236 3990 1407 4044 erben
1453 3986 1696 4044 konnen.
1777 3988 2001 4057 Ulpian.
2034 3991 2094 4039 15
2132 3986 2270 4041 Coll.
2308 3987 2412 4040 iur.
2446 3985 2710 4040 auteiust.

441 4078 500 4131 II
531 4079 591 4128 18
628 4075 734 4131 Vir
770 4083 829 4130 et
866 4091 1007 4129 uxor
1033 4075 1178 4129 inter
1205 4089 1265 4128 se
1291 4075 1633 4129 matrimonii
1660 4075 1886 4128 nomine
1914 4074 2189 4127 decimam
2213 4084 2414 4139 capere
2439 4065 2711 4137 possunt.²

447 4163 621 4215 Lenel.

578 4252 630 4301 et
666 4247 775 4300 iam
811 4247 1069 4318 Siqnabat
1105 4247 1220 4301 und
1259 4260 1372 4299 war
1419 4246 1593 4300 schon
1639 4245 1716 4298 im
1752 4244 1969 4311 Begriff
2009 4244 2174 4298 einen
2220 4257 2406 4297 neuen
2443 4240 2712 4295 Contract

442 4349 512 4388 zu
547 4332 845 4388 vollzielm.
