3334 5075
648 362 719 421 41
735 364 774 425 0
1466 355 1757 412 Iuvenalis
1792 361 2108 412 saturarum

695 535 773 592 80
822 530 1105 612 integer;
1152 528 1498 612 ambiguae
1542 528 1600 593 si
1644 527 1904 611 quando
1951 527 2237 594 citabere
2282 530 2468 594 testis

820 641 1237 722 incertaeque
1283 640 1398 720 rei,
1448 638 1753 705 Phalaris
1794 640 1950 706 licet
1991 641 2270 725 imperet
2310 647 2382 706 ut
2424 641 2515 705 sis

819 751 1026 816 falsus
1073 757 1139 817 et
1181 750 1441 817 admoto
1486 750 1689 817 dictet
1731 752 2021 835 periuria
2064 758 2265 834 tauro,

820 881 1138 928 summum
1182 861 1377 929 crede
1421 861 1626 944 nefas,
1675 863 1958 928 animam
2000 863 2334 947 praeferre
2379 862 2611 948 pudori

820 980 886 1039 et
927 980 1193 1059 propter
1235 975 1436 1040 vitam
1482 972 1752 1039 vivendi
1794 973 2076 1058 perdere
2122 993 2370 1041 causas.

694 1093 772 1150 85
822 1083 1058 1171 dignus
1105 1091 1310 1151 morte
1355 1090 1543 1169 perit,
1593 1092 1783 1151 cenet
1825 1086 1981 1151 licet
2024 1092 2242 1152 ostrea
2286 1093 2544 1153 centum

821 1197 1134 1263 Gaurana
1177 1204 1245 1262 et
1289 1196 1505 1262 Cosmi
1550 1203 1685 1263 toto
1731 1203 2062 1281 mergatur
2104 1216 2290 1264 aeno.

821 1315 1167 1393 expectata
1211 1306 1325 1374 diu
1369 1307 1638 1375 tandem
1682 1309 2022 1393 provincia
2066 1328 2211 1375 cum
2254 1317 2319 1376 te

820 1427 1134 1486 rectorem
1178 1421 1475 1504 accipiat,
1525 1439 1695 1505 pone
1738 1421 1880 1486 irae
1924 1420 2112 1487 frena
2154 1420 2561 1504 modumque,

819 1551 991 1616 pone
1037 1538 1103 1598 et
1145 1533 1484 1613 avaritiae,
1531 1533 1841 1598 miserere
1884 1533 2150 1617 inopum
2194 1532 2511 1598 sociorum
2557 1570 2642 1581 -—

856 1715 937 1764 83.
1009 1713 1218 1767 Lucan.
1249 1713 1308 1767 11
1335 1714 1434 1765 286
1473 1728 1746 1767 summum
1769 1712 1943 1768 Brute
1967 1711 2142 1766 nefas.
2198 1712 2466 1769 Dracont.
2494 1713 2668 1769 Laud.
2695 1714 2806 1768 Dei
2833 1719 2916 1767 83.

855 1801 936 1851 87.
1008 1798 1214 1853 Catull.
1243 1799 1326 1866 62,
1352 1800 1383 1850 2
1421 1803 1725 1868 expectata
1760 1799 1860 1854 din
1898 1799 1996 1853 vix
2033 1798 2273 1854 tandem.

788 1956 870 2006 85.
941 1953 1215 2009 Priscian.
1242 1951 1445 2007 xv111
1472 1955 1519 2020 2,
1547 1955 1607 2004 31
1649 1952 1815 2010 GLK.
1843 1952 1935 2007 111
1961 1955 2186 2018 222,14.

786 2111 868 2160 81.
943 2107 1209 2162 Phalaris.
1269 2106 1397 2176 Vgl.
1426 2111 1473 2172 6,
1497 2109 1600 2158 486
1637 2106 1832 2162 Sicula
1867 2108 2013 2162 aula.

787 2197 868 2245 83.
933 2193 1167 2263 pudori.-
1203 2191 1513 2261 Ehrgefsshl
1541 2215 1604 2236 =
1637 2192 1801 2260 Ehre‚
1837 2193 1948 2248 wie
1987 2194 2066 2259 16,
2094 2195 2176 2244 34.
2250 2191 2475 2249 Sallust.
2514 2193 2679 2249 Catil.
2721 2197 2783 2246 16
2818 2193 2918 2249 ubi

647 2295 841 2336 eorum
875 2278 1081 2334 famam
1117 2285 1288 2347 atque
1322 2277 1599 2345 pudorem
1635 2279 1949 2333 attriverat„
2003 2278 2146 2332 Plin.
2173 2278 2316 2348 Epp.
2346 2278 2403 2332 H
2428 2282 2460 2330 4
2498 2279 2671 2335 debes
2716 2278 2921 2334 famam

646 2365 902 2421 defuncti
937 2364 1325 2432 pudoremque
1361 2362 1664 2431 suscipere.
1705 2363 1787 2418 Id.
1815 2364 1889 2419 ib.
1914 2363 1968 2419 V
1996 2367 2039 2430 l,
2067 2367 2098 2416 6
2134 2379 2319 2434 neque
2356 2366 2504 2420 enim
2541 2365 2739 2421 aderat
2772 2365 2921 2421 alius

648 2452 746 2520 qui
785 2450 1086 2506 defunctae
1122 2449 1397 2518 pudorem
1433 2453 1699 2503 tueretur.
1773 2448 1998 2518 Ulpian.
2033 2451 2100 2504 D.
2136 2449 2356 2504 XLVII
2395 2453 2475 2517 10,
2506 2454 2528 2502 1
2569 2454 2601 2515 ς
2626 2455 2656 2504 5
2706 2451 2921 2506 iniuria

648 2553 794 2607 quae
830 2538 908 2592 sit
941 2535 1139 2592 liberis
1173 2533 1388 2590 nostris
1424 2541 1680 2590 nostrum
1713 2535 1986 2603 pudorem
2009 2539 2301 2607 pertingit.
2359 2537 2515 2593 Helu
2550 2538 2645 2593 bei
2670 2537 2920 2594 Dirksen

645 2623 908 2678 Manuale
943 2622 1127 2691 pudor
1163 2623 1194 2684 5
1231 2623 1278 2671 3.

786 2712 866 2760 84.
939 2706 1156 2761 vivendi
1177 2737 1245 2746 —
1270 2724 1471 2760 cau-sas.
1510 2706 1638 2776 Vgl.
1670 2709 1748 2771 11,
1782 2710 1836 2759 11
1879 2708 2114 2765 vivendi
2150 2725 2384 2774 causam
2423 2709 2631 2765 ebenso
2655 2710 2751 2766 bei
2774 2710 2916 2765 Plin.

646 2794 790 2863 Epp.
817 2796 844 2848 Ι
875 2796 955 2861 12,
982 2796 1012 2845 3
1048 2793 1169 2849 und
1201 2791 1256 2846 V
1281 2796 1328 2859 5,
1348 2794 1406 2857 4;
1446 2791 1681 2857 Quintil.
1709 2792 1868 2847 Decl.
1896 2794 1985 2849 111
2015 2797 2077 2845 14
2102 2793 2389 2864 plerisque
2412 2796 2669 2851 barbaris
2691 2812 2920 2853 causam

645 2881 803 2936 vitae
837 2896 956 2935 non
991 2878 1346 2935 habentibus.

786 2968 868 3016 85.
942 2965 1135 3036 diynus
1167 2968 1337 3018 morto
1363 2965 1527 3032 perit.
1588 2962 1774 3019 Ueber
1797 2968 1950 3033 pertt
1972 2981 2042 3020 zu
2067 2968 2115 3033 3,
2144 2969 2257 3019 174.
2308 2964 2491 3021 Schol.
2519 2967 2603 3022 sic
2626 2967 2919 3023 habendus
3004 2989 3008 2993 ·

647 3051 746 3120 qui
783 3057 963 3106 morte
999 3051 1207 3119 dignus
1245 3055 1345 3115 est,
1384 3049 1548 3117 quasi
1596 3050 1709 3103 iam
1757 3051 2006 3119 perierit.
2080 3050 2206 3107 Sen.
2242 3052 2385 3120 Epp.
2422 3054 2505 3117 60,
2542 3055 2589 3104 4.
2650 3052 2815 3108 Vivit
2850 3054 2919 3121 is,

647 3137 746 3205 qui
783 3136 978 3192 multis
1011 3138 1143 3191 usui
1180 3141 1283 3201 est,
1320 3135 1470 3189 vivit
1505 3136 1570 3201 is,
1609 3138 1709 3204 qui
1746 3151 1808 3192 se
1844 3137 2046 3192 utitur:
2096 3138 2195 3206 qui
2239 3152 2376 3195 vero
2421 3137 2654 3193 latitant
2697 3146 2757 3195 et
2803 3144 2919 3195 tor·

644 3229 798 3290 pent,
836 3222 923 3277 sic
958 3223 1019 3276 in
1056 3222 1224 3276 domo
1261 3228 1408 3285 sunt,
1445 3222 1730 3289 quomodo
1768 3223 1829 3276 in
1865 3223 2177 3278 conditivo.
2248 3224 2392 3291 Epp.
2427 3226 2510 3290 93,
2548 3227 2580 3275 4
2629 3224 2734 3280 Vis
2770 3227 2918 3280 scire

647 3308 789 3376 quid
824 3308 972 3362 inter
1006 3308 1158 3362 hunc
1206 3306 1454 3371 intersit,
1503 3311 1771 3375 vegetum
1817 3314 2374 3378 contemptoremque
2418 3309 2703 3366 Fortunae
2746 3339 2814 3349 —
2860 3315 2921 3365 et

645 3393 807 3449 illum
842 3393 938 3448 cui
974 3393 1135 3448 multi
1176 3394 1310 3447 anni
1347 3392 1659 3448 transmissi
1699 3395 1870 3449 sunt?
1908 3394 2050 3449 alter
2085 3399 2219 3463 post
2262 3399 2495 3450 mortem
2540 3410 2765 3465 quoque
2813 3402 2917 3463 est,

647 3478 790 3547 alter
827 3485 958 3533 ante
994 3484 1231 3533 mortem
1266 3478 1453 3546 periit„

787 3565 868 3615 86.
952 3566 1225 3617 Gaurana.
1296 3562 1481 3617 Schol.
1509 3580 1544 3617 a
1579 3564 1710 3618 lacu
1744 3566 1991 3620 Lucrino
2030 3568 2094 3631 (4,
2124 3568 2255 3631 141),
2293 3565 2392 3619 der
2429 3565 2638 3621 ebenso
2676 3567 2786 3623 wie
2823 3567 2919 3623 die

647 3646 1087 3704 Austembiinke
1123 3664 1240 3703 von
1273 3649 1450 3704 Baiae
1489 3652 1589 3716 (11,
1614 3653 1697 3713 49>
1737 3656 1902 3706 unter
1938 3651 2063 3706 dem
2101 3650 2324 3706 Gaurus
2358 3651 2468 3720 lag.
2494 3650 2637 3705 Plin.
2664 3653 2729 3707 N.
2751 3651 2805 3707 h.
2827 3652 2917 3706 111

649 3735 732 3786 60.
770 3736 852 3785 61.

793 3817 973 3872 Cosmi
982 3837 1000 3871 .·
1019 3817 1339 3876 beriihmter
1357 3821 2068 3890 Parfflmerie-Fabrikant3
2095 3839 2164 3877 zu
2174 3822 2375 3876 Mart-I
2398 3824 2480 3887 87,
2501 3824 2531 3874 2
2556 3822 2675 3877 und
2690 3821 2914 3878 Petron.

648 3905 735 3958 ed.
761 3903 1038 3960 Biicheler
1072 3903 1136 3959 fr.
1163 3905 1411 3961 XVIII*
1448 3908 1536 3963 ed.
1560 3908 1586 3947 3
1607 3925 1662 3978 p.
1694 3910 1806 3961 111.

786 3993 868 4043 89.
941 3991 1204 4045 sociorum
1239 3991 1363 4048 hier
1398 3995 1508 4048 wie
1545 3996 1612 4046 99
1650 3995 1825 4050 sociis
1860 3995 1979 4050 und
2018 3996 2114 4046 136
2152 3993 2436 4050 sociorum
2473 3993 2783 4049 Bewohner
2818 3995 2918 4049 der

645 4076 1087 4147 unterthiinigen
1136 4078 1467 4135 Provinzen.
1568 4079 1643 4135 So
1691 4087 1870 4137 nennt
1916 4079 2114 4136 Cicero
2168 4080 2230 4134 in
2272 4079 2429 4135 Verr.
2469 4080 2563 4135 die
2607 4079 2918 4135 Bewohner

646 4161 913 4219 Siciliens
950 4162 1095 4218 &fter
1119 4166 1280 4220 socii.
1331 4165 1561 4221 Sueten.
1586 4163 1830 4235 August.
1858 4169 1923 4219 23
1958 4165 2320 4235 praesidibus
2344 4166 2766 4235 provinciarum
2788 4181 2918 4234 pro-

645 4250 884 4317 pagavit
919 4248 1231 4318 imperium,
1269 4256 1335 4306 ut
1369 4267 1405 4306 a
1439 4252 1641 4321 peritis
1678 4257 1739 4308 et
1773 4253 2018 4308 assuetis
2055 4252 2199 4307 socii
2237 4252 2678 4307 continerentur.
2748 4251 2919 4307 Kuhn

644 4332 796 4389 Verf.
825 4334 876 4388 d.
904 4334 1067 4390 Rom.
1096 4336 1308 4394 Reichs
1345 4337 1404 4391 II
1432 4340 1514 4405 22,
1544 4340 1657 4390 127.
1722 4337 1856 4394 Stv.
1878 4338 1906 4391 1
1935 4339 2016 4404 72,
2043 4341 2089 4391 6.
