3334 5075
645 345 770 408 398
1462 338 1753 394 Iuvenalis
1788 343 2103 394 saturarum

647 521 770 579 235
816 513 1214 594 Anchemoli,
1264 512 1439 579 dicat
1482 518 1638 595 quot
1681 511 1952 577 Acestes
1995 511 2232 577 vixerit
2274 511 2482 591 annis,

817 632 972 709 quot
1015 624 1219 691 Siculi
1261 624 1626 709 Phrygibus
1674 624 1809 688 vini
1854 621 2199 688 donaverit
2241 641 2456 688 urnas.

817 738 1061 822 exigite
1105 743 1178 802 ut
1220 753 1434 801 mores
1477 741 1738 800 teneros
1783 753 1902 799 ceu
1946 733 2184 818 pollice
2228 733 2442 816 ducat,

817 854 888 913 ιιι
929 849 987 913 si
1031 848 1178 931 quis
1223 866 1375 913 cera
1415 846 1663 912 voltum
1707 845 1891 926 facit3
1939 845 2185 931 exigite
2229 851 2301 910 ut
2344 845 2429 910 sit

819 965 885 1025 et
927 966 1114 1043 pater
1157 959 1365 1042 ipsius
1410 963 1650 1039 coetus,
1697 976 1782 1023 ne
1824 958 2043 1041 turpia
2083 956 2330 1037 ludant,

647 1079 769 1135 240
815 1090 900 1137 ne
944 1070 1191 1136 faciant
1233 1069 1517 1149 vicibus3
1563 1089 1693 1135 non
1740 1075 1840 1135 est
1882 1068 2030 1135 leve
2074 1074 2169 1134 tot
2209 1087 2557 1152 puerorum

819 1182 1169 1248 observare
1212 1200 1444 1248 manus
1490 1184 1840 1264 oculosque
1882 1181 1952 1246 in
1995 1179 2125 1247 fine
2168 1180 2524 1247 trementis.

817 1286 1024 1359 ‘haec’
1066 1293 1278 1377 inquit
1319 1287 1514 1374 ὀπτα,
1565 1292 1684 1358 sed
1729 1312 1873 1357 cum
1915 1310 1989 1357 se
2032 1292 2300 1358 verterit
2343 1309 2569 1371 annus,

817 1406 1061 1489 accipe,
1112 1405 1340 1471 victori
1385 1405 1665 1490 populus
1711 1403 1885 1486 quod
1929 1404 2231 1488 postulat,
2280 1396 2543 1468 aurum'.

1531 1713 1819 1778 Satura
1863 1712 2037 1777 VIII.

785 1870 900 1924 Der
937 1873 1084 1924 erste
1119 1866 1285 1923 Theil
1323 1869 1558 1931 <1—145)
1604 1867 1807 1935 gehort
1828 1882 1899 1921 zu
1924 1866 2049 1921 dem
2075 1865 2486 1934 Schwachstem
2524 1882 2640 1922 was
2664 1866 2914 1922 Juvenal

649 1954 1018 2025 geschrieben
1054 1954 1165 2009 hat.
1240 1954 1358 2008 Das
1382 1952 1609 2019 Thema,
1646 1953 1741 2009 die
1776 1951 2249 2021 Werthlosigkeit
2283 1952 2437 2007 edler
2470 1951 2733 2007 Abkunfl:
2769 1953 2915 2007 ohne

865 2171 981 2220 235.
1054 2167 1390 2224 Anchemoli
1430 2187 1460 2229 ς
1495 2166 1825 2223 Archemori
1867 2168 2002 2220 PSm
2038 2170 2111 2238 cs.
2140 2168 2212 2220 ad
2247 2168 2398 2237 Verq.
2426 2170 2496 2220 Α.
2526 2168 2591 2221 X
2609 2174 2726 2222 389.

857 2257 973 2308 240.
1013 2257 1129 2307 241.
1202 2251 1516 2310 ‘Iuvenalis
1551 2271 1669 2309 non
1704 2251 1851 2309 sunt’
1904 2254 2073 2309 Valla.

857 2344 971 2394 242.
1046 2358 1184 2396 cura
1220 2342 1338 2406 sed]
1375 2357 1541 2396 curas
1578 2347 1638 2397 et
1676 2341 1919 2395 PJahnss
1942 2341 2207 2394 Buoholer
2241 2356 2378 2396 cura
2402 2341 2504 2396 sed
2538 2344 2623 2396 vol
2655 2356 2819 2397 cures
2855 2348 2916 2397 et

652 2450 684 2490 ς
720 2444 857 2483 cura
890 2427 994 2483 sed
1028 2428 1227 2481 JahnI
1259 2443 1421 2482 cures
1458 2433 1518 2481 et
1553 2426 1743 2481 Κίων.

858 2602 958 2651 235
973 2617 1015 2654 s.
1090 2599 1259 2669 Verg.
1286 2599 1356 2655 A.
1382 2599 1437 2653 V
1463 2602 1526 2650 73
1563 2599 1591 2653 I
1623 2603 1719 2652 195
1757 2606 1949 2656 unten.

860 2687 993 2740 237..
1051 2684 1350 2740 Claudian.
1379 2685 1691 2741 XXXVIII
1734 2686 1917 2750 (LXV)
1958 2688 1988 2737 2
2034 2690 2092 2740 et
2139 2685 2398 2755 gelidum
2446 2692 2644 2743 tenero
2697 2685 2915 2755 pollice

654 2777 847 2828 versat
882 2787 1040 2826 onus.

791 2947 906 2996 241.
981 2943 1135 3000 Serv.
1164 2950 1224 2999 et
1245 2943 1556 3014 Philargyr.
1583 2943 1753 3011 Verg.
1780 2942 1897 2998 Ecl.
1927 2946 1974 3010 3,
2001 2947 2046 2995 8.
2121 2942 2306 2998 Schol.
2333 2943 2483 2999 Pers.
2515 2947 2561 3010 1,
2590 2946 2668 2995 18.

791 3119 907 3168 235.
946 3118 1070 3167 236:
1127 3119 1359 3182 Acestes,
1398 3117 1498 3170 der
1522 3114 1749 3171 Aeneas
1786 3115 1847 3169 in
1872 3114 2108 3170 Sizilien
2138 3115 2381 3183 gastlich
2418 3114 2695 3170 aufnahm.
2750 3115 2921 3184 Vei-g.

653 3203 723 3259 A.
751 3203 806 3257 V
833 3205 896 3254 73
933 3201 1064 3257 aevi
1101 3205 1352 3255 maturus
1375 3200 1616 3256 Acestes
1650 3201 1764 3270 vgl.
1792 3201 1866 3255 ib.
1896 3204 1959 3252 35
1986 3217 2056 3256 ss.
2084 3201 2157 3255 ib.
2185 3201 2214 3255 I
2255 3203 2350 3252 195
2388 3202 2524 3256 vina
2557 3201 2742 3257 bonus
2777 3215 2923 3270 quae

654 3289 861 3344 deinde
899 3288 1059 3342 cadis
1096 3293 1361 3342 onerarat
1394 3285 1633 3341 Acestes
1656 3288 1849 3342 Litore
1884 3286 2199 3341 Trinacrio.

791 3376 907 3425 237.
946 3375 1062 3424 238.
1134 3373 1284 3427 Pers.
1312 3376 1360 3438 5,
1388 3375 1452 3426 39
1490 3372 1875 3441 artificemque
1921 3379 2021 3427 tuo
2069 3373 2232 3427 ducit
2277 3371 2383 3427 sub
2433 3372 2642 3440 pollice
2688 3371 2921 3427 vultum.

656 3459 794 3515 Stat.
819 3458 960 3513 Ach.
986 3458 1015 3512 I
1042 3459 1140 3508 332
1167 3459 1410 3526 qualiter
1434 3458 1641 3514 artifici
1665 3460 1921 3513 victurae
1946 3457 2157 3526 pollice
2183 3472 2346 3513 cerae
2370 3456 2689 3526 Accipiunt
2711 3456 2917 3514 formas

655 3545 957 3613 ignemque
991 3558 1326 3611 manumque
1362 3551 1688 3613 sequuntur.

793 3632 909 3680 240.
979 3628 1224 3696 faciant.-
1275 3629 1503 3685 obscon.
1575 3631 1722 3686 Petr.
1751 3632 1832 3682 87.
1891 3630 2043 3686 Jahn
2077 3630 2227 3686 Pers.
2255 3647 2308 3698 p.
2342 3631 2454 3681 178.

793 3717 909 3766 241.
979 3712 1150 3782 Apul.
1187 3714 1494 3785 Physiogn.
1536 3717 1612 3780 (in
1646 3715 1772 3771 Val.
1808 3716 1964 3772 Rose
2009 3714 2224 3772 Anecd.
2263 3715 2292 3769 I
2338 3714 2482 3769 Berl.
2525 3716 2671 3780 1864)
2716 3717 2923 3782 123‚1‘e'

660 3800 833 3866 (oculi
869 3800 1044 3869 pravi)
1083 3801 1132 3855 si
1169 3806 1471 3858 trementes
1505 3802 1732 3868 fuerint,
1769 3801 1912 3856 nihil
1946 3818 2065 3857 non
2099 3802 2406 3868 audebunt,
2456 3803 2612 3870 quod
2648 3802 2922 3871 iniquum,

657 3885 986 3955 improbum.
1059 3886 1271 3953 Ib.119,
1298 3889 1328 3939 8
1365 3886 1519 3942 oculi
1554 3893 1857 3964 trementes
1893 3888 2083 3957 magni
2108 3903 2235 3943 cum
2270 3893 2563 3956 pererrant
2586 3916 2658 3926 —
2681 3895 2740 3943 et
2762 3903 2926 3943 vora-

657 3974 890 4028 citatem
923 3977 983 4026 et
1017 3972 1508 4041 intemperantiam
1543 3974 1666 4028 vini
1705 3990 1832 4029 cum
1868 3973 2307 4044 intemperantia
2341 3975 2581 4029 veneris.

796 4061 911 4111 242.
985 4057 1168 4114 Schol.
1209 4060 1270 4113 in
1316 4059 1538 4114 theatro
1587 4060 1774 4115 solent
1817 4066 2011 4129 petere
2059 4061 2310 4131 quinque
2356 4076 2586 4126 aureos;
2635 4077 2767 4115 nam
2812 4075 2927 4114 non

656 4145 871 4201 licebat
905 4143 1148 4214 amplius
1185 4145 1334 4200 dare.
1388 4144 1505 4201 Vit.
1530 4145 1602 4199 Μ.
1627 4145 1909 4201 Antonini
1951 4149 2041 4198 11:
2078 4148 2418 4216 temperavit
2452 4146 2603 4201 enim
2638 4146 2931 4201 scaenicas

660 4231 1014 4297 donationes,
1053 4231 1255 4287 iubens
1300 4235 1367 4286 ut
1401 4232 1607 4300 quinos
1644 4247 1846 4287 aureos
1882 4233 2132 4289 scaenici
2169 4233 2511 4300 acciperent,
2548 4233 2632 4287 ita
2654 4238 2841 4287 tamen
2867 4235 2935 4285 ιιι

658 4317 847 4373 nullus
884 4318 1070 4373 editor
1106 4318 1303 4373 decem
1337 4332 1540 4373 aureos
1576 4319 1939 4386 egrederetur
1975 4318 2107 4375 StV.
2135 4318 2225 4373 III
2251 4320 2367 4386 542,
2397 4321 2441 4370 1.
2480 4316 2585 4373 SG.
2614 4318 2643 4372 I
2668 4319 2784 4384 321,
2812 4319 2859 4367 7.
