3334 5075
651 382 778 447 408
1471 374 1764 431 Iuvenalis
1798 378 2114 431 saturarum

829 550 976 634 quis
1019 567 1341 634 generosa
1384 553 1568 632 putet
1609 548 1740 613 nisi
1783 546 1995 613 fortia.
2085 565 2322 631 nempe
2367 547 2693 614 volucrem

825 663 920 727 sic
963 660 1307 728 laudamus
1352 680 1606 744 equum,
1654 659 1838 726 facili
1882 660 1986 725 cui
2030 658 2314 744 plurima
2357 660 2577 743 palma

824 774 1036 840 fervet
1079 781 1146 840 et
1189 774 1436 839 exultat
1478 790 1675 838 rauco
1720 772 1995 838 victoria
2038 772 2243 849 circo;

700 896 778 951 60
824 886 1062 952 nobilis
1107 885 1232 967 hic,
1282 902 1689 966 quocumque
1733 884 1914 950 venit
1957 881 2041 948 de
2085 883 2399 968 gramine,
2447 884 2632 949 cuius

826 999 1006 1064 clara
1050 997 1208 1082 fuga
1251 1004 1404 1062 ante
1449 997 1616 1061 alios
1662 1001 1729 1062 et
1770 997 2017 1080 primus
2060 995 2130 1059 in
2174 1014 2457 1078 aequore
2502 994 2736 1080 pulvis.

826 1109 947 1176 sed
990 1108 1225 1176 venale
1267 1127 1469 1193 pecus
1514 1107 1882 1192 Coryphaei
1927 1108 2277 1191 posteritas
2322 1114 2389 1173 et

823 1221 1105 1305 Hirpini,
1152 1221 1208 1286 si
1227 1280 1232 1283 ,
1252 1240 1404 1285 rara
1444 1221 1598 1305 iugo
1643 1219 1917 1285 victoria
1961 1218 2169 1298 sedit3

826 1332 921 1398 nil
962 1332 1053 1398 ibi
1100 1331 1415 1397 maiorum
1459 1337 1808 1416 respectae,
1857 1332 2074 1416 gratia
2116 1330 2301 1396 nulla

700 1452 777 1509 65
825 1443 1232 1522 umbrarum3
1280 1441 1575 1509 dominos
1615 1444 1845 1528 pretiis
1888 1450 2141 1509 mutare
2186 1442 2489 1508 iubentur

828 1556 1099 1640 exiguis,
1148 1555 1300 1621 trito
1346 1552 1589 1621 ducunt
1633 1553 1971 1640 epiraedia
2016 1553 2180 1620 collo

863 1764 944 1813 60.
1017 1762 1288 1829 gramine]
1323 1761 1576 1830 germine
1611 1766 1735 1815 sunt
1770 1760 1868 1830 qm*
1899 1762 2093 1831 kannt.
2147 1761 2314 1814 Valla.

862 1850 944 1899 61.
1017 1846 1076 1899 in
1096 1850 1220 1918 fine
1257 1848 1421 1903 cuius
1457 1847 1552 1902 vel
1589 1847 1787 1915 pulvis
1826 1847 1882 1900 P
1926 1851 2039 1899 tum
2074 1848 2239 1901 cuius
2274 1851 2609 1916 expunctum,
2648 1845 2842 1915 pulvis
2878 1864 2920 1895 ω

659 1933 877 1988 Servius
913 1948 1112 1988 cursus
1149 1932 1256 1985 cod.
1288 1932 1640 1986 Monacensis.

796 2124 861 2174 60
876 2138 920 2176 s.
995 2121 1148 2177 Serv.
1176 2119 1344 2189 Verg.
1370 2119 1439 2174 A.
1468 2121 1551 2175 XI
1581 2122 1679 2172 706
1718 2121 1898 2183 (cuius
1934 2150 2003 2159 -
2039 2121 2265 2189 pulvis).

793 2291 1052 2345 animalia
1085 2297 1248 2345 mea.
1307 2292 1498 2347 Mutus
1536 2293 1654 2357 (das
1690 2307 1818 2346 man
1854 2291 2000 2347 efter
2024 2293 2085 2346 in
2108 2293 2307 2348 brutus
2342 2291 2444 2347 hat
2466 2292 2678 2347 andern
2702 2290 2922 2353 wellen)

651 2380 735 2435 ist
767 2378 1071 2435 stehendes
1093 2377 1346 2432 Beiwort
1367 2377 1462 2432 bei
1487 2378 1753 2446 pecudes,
1791 2377 2074 2443 animalia,
2111 2393 2328 2447 greges,
2364 2377 2587 2433 bestiae
2613 2376 2789 2432 sehon
2812 2377 2925 2431 seit

655 2464 856 2520 Cicero
893 2462 1010 2518 und
1046 2463 1260 2519 Livius.
1332 2463 1489 2518 Muta
1526 2461 1698 2517 allein
1735 2466 1869 2527 (was
1906 2463 2158 2532 Georges
2191 2480 2299 2519 nur
2346 2480 2450 2519 aus
2494 2463 2744 2518 Chalcid.
2779 2460 2922 2516 Tim.

655 2554 755 2603 220
791 2566 845 2619 p.
874 2551 991 2615 256,
1020 2551 1078 2600 11
1106 2547 1223 2603 Wr.
1248 2549 1455 2618 belegt)
1491 2549 1592 2603 hat
1626 2549 1801 2604 echon
1838 2548 2055 2605 Seneca
2087 2551 2231 2620 Epp.
2270 2551 2351 2618 95,
2379 2552 2440 2602 31
2495 2565 2621 2605 cum
2670 2549 2818 2605 inter
2863 2565 2925 2603 se

655 2636 827 2692 etiam
863 2635 1036 2689 mutis
1073 2650 1141 2689 ac
1176 2632 1312 2689 feris
1346 2651 1460 2703 pax
1498 2635 1600 2699 sit;
1639 2635 1715 2689 ib.
1758 2637 1873 2702 124,
1915 2637 1976 2687 16
2016 2641 2237 2706 tempus
2271 2664 2342 2674 —
2374 2633 2626 2691 futurum
2662 2635 2736 2689 ad
2771 2639 2927 2689 muta

654 2738 770 2777 non
802 2721 1067 2790 pertinet.
1121 2718 1217 2774 Ad
1251 2720 1520 2775 Marciam
1545 2722 1624 2786 12,
1652 2721 1682 2771 2
1707 2719 1969 2776 fruuntur
1993 2720 2188 2790 aliqua
2210 2721 2508 2789 voluptate
2532 2736 2603 2776 ex
2626 2750 2695 2759 —
2717 2720 2928 2778 blanda

654 2807 988 2863 adulatione
1011 2810 1306 2862 mutorum.
1358 2806 1478 2861 Inv.
1511 2809 1587 2872 15,
1613 2808 1682 2858 42
1719 2813 1946 2876 separat
1979 2807 2089 2862 hoc
2123 2823 2229 2863 nos
2263 2805 2317 2861 A
2352 2821 2526 2876 grege
2562 2812 2854 2862 mutorum.

794 2894 874 2944 56.
914 2895 994 2943 57.
1068 2890 1303 2957 Quintil.
1331 2890 1384 2944 V
1414 2894 1468 2943 11
1508 2894 1539 2955 5
1564 2895 1595 2944 4
1634 2893 1774 2961 quid
1800 2895 2018 2962 equus?
2059 2894 2157 2962 qui
2193 2891 2701 2963 generosissimus?
2737 2906 2927 2948 nonne

654 2980 753 3049 qui
790 2978 1080 3048 optimus?

793 3066 874 3117 58.
938 3062 1183 3133 plurima
1209 3065 1411 3133 palma.
1451 3063 1531 3117 Zu
1555 3065 1603 3130 3,
1633 3066 1746 3116 142.
1783 3064 2155 3134 Palmzweige
2178 3064 2454 3133 gehorten
2478 3082 2547 3121 zu
2573 3066 2682 3122 den
2706 3064 2926 3134 Sieges-

653 3152 882 3220 preisen
908 3150 1052 3205 auch
1078 3149 1154 3204 im
1178 3148 1390 3204 Circus.
1442 3147 1577 3204 Stv.
1605 3149 1697 3204 111
1723 3151 1839 3216 522,
1865 3153 1912 3203 6.
1950 3149 2080 3219 Vgl.
2107 3149 2341 3205 Phaedr.
2367 3150 2631 3220 Append.
2661 3153 2725 3204 19
2747 3167 2819 3206 zu
2841 3152 2923 3202 67.

793 3239 875 3288 59.
912 3252 1090 3302 rauco,
1127 3249 1258 3290 vom
1291 3232 1814 3302 Beifallsgeschrei;
1853 3238 1901 3301 9,
1928 3238 1994 3288 44
2032 3235 2313 3291 clamosus
2349 3235 2551 3292 circus.
2619 3237 2737 3292 Der
2760 3236 2924 3293 Sinn:

654 3324 781 3378 dem
827 3323 903 3376 im
937 3319 1433 3390 Beifallsgeschrei
1471 3320 1571 3375 des
1608 3317 1808 3377 Circus
1844 3322 1943 3376 der
1978 3320 2250 3390 Triumph
2286 3321 2386 3377 des
2422 3321 2623 3391 Sieges
2660 3337 2729 3377 zu
2762 3320 2928 3376 'l'heil

655 3409 813 3462 wird.

792 3495 874 3546 61.
934 3495 1086 3563 fuya
1118 3488 1276 3545 Laut
1338 3490 1551 3561 Vergil.
1588 3490 1657 3546 A.
1700 3491 1727 3545 1
1768 3494 1866 3544 317
1917 3493 2316 3561 volucremque
2365 3491 2503 3563 fuga
2548 3494 2928 3561 praevertitur

654 3580 881 3633 Eurum.
951 3577 1179 3632 Ebenso
1217 3575 1301 3629 IV
1325 3579 1441 3628 430.
1501 3576 1617 3632 VII
1643 3579 1724 3629 24.

785 3661 985 3730 pulvis.
1060 3661 1159 3716 Ov.
1194 3661 1324 3717 Met.
1352 3661 1466 3717 VII
1490 3665 1591 3715 542
1627 3662 1780 3719 Acer
1816 3679 1997 3733 equus
2034 3665 2319 3733 quondam
2342 3679 2694 3735 magnaeque
2720 3665 2782 3719 in
2804 3663 2929 3732 pul-

655 3762 787 3803 vere
823 3746 1020 3802 famae.
2893 3786 2899 3794 ,

793 3835 874 3885 62.
946 3833 1129 3886 venale
1154 3850 1354 3902 pecus.-
1393 3834 1722 3891 wohlfeiles.
1779 3834 1907 3905 Vgl.
1935 3839 2052 3892 65s.

792 3921 873 3972 62.
912 3920 993 3971 63.
1074 3920 1377 3989 coryphaei
1406 3949 1476 3959 —
1510 3925 1562 3974 et
1600 3921 1870 3990 Hirpini.-
1904 3923 2120 3978 Namen
2162 3921 2487 3979 beruhmter
2523 3923 2776 3986 Renner,
2827 3921 2928 3975 der

655 4005 887 4062 letztere
924 4004 1071 4061 auch
1093 4005 1252 4060 Mart.
1280 4006 1370 4060 III
1398 4008 1481 4073 63,
1512 4008 1573 4058 12
1610 4006 1841 4075 Hirpini
1865 4015 2088 4064 veteres
2122 4008 2222 4076 qui
2243 4007 2391 4063 bene
2415 4009 2581 4064 novit
2603 4022 2757 4064 avos.
2818 4006 2930 4062 Die

653 4092 868 4148 Namen
894 4091 993 4146 der
1018 4090 1412 4162 Circuspferde
1438 4093 1568 4148 sind
1591 4091 1705 4148 fast
1728 4093 2184 4150 ausschliesslich
2206 4093 2525 4151 mannliche
2551 4093 2731 4151 SGJI
2756 4095 2854 4145 333
2872 4092 2926 4147 ff.

654 4178 773 4232 und
809 4179 926 4230 652.

793 4265 874 4314 66.
950 4263 1252 4333 epiraedia.-
1291 4263 1437 4319 auch
1472 4264 1565 4321 bei
1602 4263 1839 4329 Quintil.
1866 4267 1893 4320 I
1932 4269 1979 4332 5,
2006 4269 2087 4318 68.
2168 4264 2325 4322 Nach
2362 4265 2615 4336 Georges
2651 4288 2714 4312 =
2753 4266 2932 4334 Zeug—

654 4349 883 4416 riemen‚
921 4349 1296 4405 Jochriemen.
