3334 5075
680 345 806 407 276
1498 337 1794 394 Iuvenalis
1830 343 2142 393 saturarum

852 514 964 595 qui
1008 513 1254 597 tegitur
1300 531 1527 595 parma
1570 519 1637 576 et
1680 509 1876 594 galea
1919 516 2345 591 metuensque
2388 506 2633 590 flagelli

693 631 806 688 155
855 623 1048 690 discit
1095 624 1176 688 ab
1224 623 1473 689 hirsuta
1518 622 1800 687 iaculum
1846 628 2149 703 torquere
2193 619 2466 712 capella.

936 735 1212 802 forsitan
1255 736 1575 818 inpensae
1618 733 1961 798 Virronem
2004 751 2277 815 parcere
2323 729 2571 797 credas.

850 847 972 913 hoc
1017 849 1157 931 agit
1202 853 1271 913 ut
1315 846 1574 925 doleam
1621 864 1775 910 nam
1820 863 1987 928 quae
2033 841 2385 924 comoedia,
2434 844 2666 909 mimus

853 960 999 1042 quis
1045 957 1275 1025 melior
1317 959 1613 1043 plorante
1657 956 1868 1041 gula?
1917 975 2074 1039 ergo
2120 955 2337 1021 omnia
2378 953 2556 1036 fiunt,

736 1143 741 1146 ,
852 1071 907 1136 si
953 1070 1186 1152 nescia,
1236 1076 1309 1135 ut
1350 1089 1470 1153 per
1511 1068 1815 1135 lacrimas
1861 1066 2200 1133 effundere
2246 1065 2443 1132 bilem

688 1189 805 1247 160
853 1183 1107 1265 cogaris
1152 1199 1508 1266 pressoque
1553 1179 1666 1246 diu
1712 1179 1990 1246 stridere
2034 1179 2280 1245 molari.

851 1300 922 1360 tu
969 1294 1083 1359 tibi
1130 1293 1294 1359 liber
1340 1292 1530 1359 homo
1576 1299 1644 1358 et
1686 1292 1862 1376 regis
1907 1292 2184 1357 conviva
2229 1288 2499 1356 videris:

851 1412 1109 1488 captum
1153 1412 1219 1470 te
1266 1404 1492 1470 nidore
1539 1422 1700 1469 suae
1745 1408 1932 1486 putat
1976 1401 2091 1468 ille
2137 1403 2412 1484 culinae,

850 1535 970 1583 nec
1016 1517 1188 1583 male
1233 1516 1583 1594 coniectat3
1631 1515 1778 1598 quis
1824 1515 1995 1580 enim
2041 1521 2174 1580 tam
2219 1513 2447 1595 nudus,
2499 1520 2568 1580 ut
2609 1513 2793 1579 illum

855 1629 955 1693 bis
1002 1627 1186 1708 ferat,
1236 1628 1580 1692 Etruscum
1627 1646 1827 1710 puero
1873 1627 1928 1691 si
1977 1627 2246 1711 contigit
2289 1645 2516 1691 aurum

687 1746 804 1802 165
853 1739 959 1805 vel
1006 1739 1214 1805 nodus
1258 1746 1510 1806 tantum
1557 1745 1622 1805 et
1667 1740 1923 1821 signum
1968 1737 2053 1803 de
2097 1757 2386 1821 paupere
2429 1736 2624 1802 loro'?

892 1929 1003 1979 162.
1075 1927 1235 1983 Mart.
1264 1928 1290 1981 Ι
1318 1929 1401 1994 92,
1428 1931 1459 1977 9
1496 1927 1750 1996 pasceris
1787 1933 1848 1981 et
1881 1928 2080 1996 nigrae
2116 1926 2244 1981 solo
2279 1925 2481 1981 nidore
2517 1926 2761 1981 culinae.

823 2102 933 2152 154.
967 2102 1076 2150 155.
1137 2099 1249 2153 Ein
1284 2098 1717 2167 abgcrichteter‚
1756 2100 1839 2154 als
1866 2097 2066 2155 Soldat
2101 2099 2463 2153 costumirter
2485 2096 2629 2164 Affe,
2667 2097 2771 2153 auf
2796 2099 2954 2154 einer

680 2186 853 2253 Ziege
906 2185 1154 2251 reitend,
1209 2185 1318 2239 wie
1372 2185 1457 2239 sie
1512 2184 1767 2239 offenbar
1820 2182 1905 2239 oft
1957 2201 2056 2240 zur
2101 2183 2516 2252 Unterhaltung
2563 2184 2663 2239 des
2711 2183 2951 2240 Gassen-

676 2270 999 2339 publicums
1036 2271 1284 2336 dienten,
1322 2287 1365 2323 z.
1392 2270 1453 2322 Β.
1480 2269 1639 2323 Mart.
1669 2269 1809 2324 XIV
1835 2272 1932 2322 202
1971 2269 2213 2325 callidus
2238 2269 2476 2325 emissus
2502 2269 2731 2325 eludere
2755 2269 2953 2325 simius

680 2356 889 2411 hastas.
952 2355 1115 2409 Rich.
1144 2372 1186 2410 s.
1213 2354 1534 2410 circulator.
1562 2354 1667 2411 SG.
1697 2355 1754 2408 II
1780 2357 1898 2422 403,
1923 2358 1965 2408 1.
2003 2354 2199 2411 ‘Unter
2225 2355 2336 2411 den
2358 2353 2954 2424 Affendarstellnngen

679 2441 1015 2509 (Nachtriige
1075 2457 1144 2495 zu
1200 2441 1300 2495 der
1355 2440 1936 2509 zusammenstellung
1985 2440 2167 2496 Jahns
2218 2441 2481 2497 Archiiol.
2525 2441 2696 2496 Beitr.
2752 2440 2804 2496 S.
2849 2443 2950 2495 435

681 2526 954 2595 Stephani
982 2525 1219 2595 Compte
1256 2526 1434 2582 rendu
1473 2527 1542 2583 de
1579 2527 1636 2582 la
1660 2526 2035 2583 Commission
2060 2525 2499 2598 archeologique
2529 2529 2657 2581 1877
2683 2544 2737 2597 p.
2759 2526 2950 2593 266ffi3

677 2611 1045 2689 Affenschule
1092 2617 1258 2668 unter
1293 2611 1523 2667 Vorsitz
1571 2614 1732 2668 eines
1767 2613 1952 2669 Esels:
2001 2614 2162 2669 Rom.
2201 2613 2481 2683 Mitthlgu.
2507 2613 2560 2668 V
2591 2616 2721 2666 1890
2756 2612 2875 2668 Taf.
2908 2616 2948 2665 1.

678 2699 961 2753 Wissowa
998 2698 1050 2753 S.
1080 2702 1108 2749 3
1131 2696 1184 2751 ff.
1214 2713 1264 2752 u.
1293 2698 1359 2761 a.)
1408 2696 1587 2754 findet
1631 2698 1753 2753 sich
1799 2699 2011 2765 nichts,
2058 2715 2176 2755 was
2221 2699 2332 2754 den
2369 2698 2810 2769 Darstellungen
2857 2699 2950 2755 bei

677 2784 809 2840 Juv.
848 2784 966 2839 und
1001 2784 1159 2838 Mart.
1200 2780 1546 2852 entspricht’
1619 2783 1920 2839 Michaelis.

820 2872 931 2922 154.
1003 2874 1336 2938 metuensque
1372 2869 1609 2940 βορραῖ.
1694 2872 1739 2935 7,
1776 2871 1875 2921 210
1924 2876 2180 2926 metuens
2217 2871 2428 2940 virgae.
2501 2872 2662 2927 Lucr.
2692 2870 2774 2925 VI
2819 2873 2948 2923 1240

678 2957 987 3025 mortisque
1021 2955 1289 3011 timentis.
1338 2955 1490 3010 Pers.
1519 2957 1568 3022 2,
1594 2958 1654 3007 31
1693 2961 1950 3012 metuens
1974 2957 2183 3012 divum.
2234 2958 2440 3012 Lucan.
2469 2957 2583 3013 VII
2608 2959 2707 3009 373
2733 2956 2947 3012 domini

678 3047 1017 3098 metuentem
1054 3070 1124 3081 —
1160 3040 1411 3096 Romam.

832 3131 942 3180 158.
1008 3127 1258 3196 plorante
1291 3127 1431 3197 qula.
1511 3127 1677 3182 Etwa
1721 3123 2097 3183 ‘enttiiuschte
2131 3124 2344 3195 Kohle’‚
2389 3129 2550 3185 nicht
2583 3125 2948 3185 ‘knurrender

676 3209 893 3282 Magen'
932 3211 1198 3275 (Teuffel.

820 3302 931 3351 159.
1004 3297 1277 3369 offundere
1313 3296 1482 3351 bilem.
1555 3298 1681 3355 Son.
1709 3301 1851 3370 Epp.
1880 3304 1963 3369 53,
1988 3304 2018 3353 3
2055 3315 2271 3357 nausea
2296 3330 2363 3340 —
2387 3316 2532 3371 quae
2557 3300 2729 3357 bilem
2760 3304 2951 3356 movet

676 3401 782 3440 nec
819 3383 1075 3439 effundit„

820 3472 942 3520 160:
1000 3468 1104 3522 mit
1139 3467 1509 3524 aufeinander
1543 3477 1879 3540 gepressten
1916 3473 2142 3529 Ziihnen
2179 3472 2498 3529 knirsehen.

822 3556 931 3606 161.
1006 3553 1139 3607 libor
1173 3553 1338 3607 homo.
1402 3555 1482 3611 Zu
1524 3559 1635 3609 127.
1686 3558 1846 3613 Mart.
1876 3559 1932 3613 II
1960 3560 2042 3625 53,
2069 3562 2098 3609 3
2137 3558 2282 3613 liber
2318 3560 2431 3614 eris
2468 3573 2670 3613 cenare
2705 3556 2843 3613 foris
2880 3556 2948 3621 ei,

676 3639 935 3705 Maxime,
970 3637 1147 3694 noles.
1220 3639 1304 3694 Id.
1343 3641 1428 3696 IX
1459 3644 1518 3693 10
1554 3641 1700 3699 liber
1735 3659 1850 3699 non
1885 3649 2051 3714 potes
2089 3649 2148 3700 et
2181 3642 2419 3712 gulosus
2454 3659 2594 3700 esse.

813 3723 955 3795 regis
991 3741 1061 3780 zu
1103 3728 1146 3791 1,
1178 3728 1289 3778 136.

820 3813 931 3863 162.
1003 3810 1190 3865 nidore
1224 3842 1294 3851 —
1329 3812 1549 3866 culinae.
1620 3814 1781 3868 Mart.
1809 3814 1836 3868 I
1863 3818 1945 3881 92,
1972 3817 2003 3867 9
2040 3814 2204 3872 oben.

820 3899 931 3949 164.
976 3898 1086 3949 165.
1159 3897 1227 3951 D.
1265 3898 1317 3952 h.
1366 3913 1530 3953 wenn
1566 3913 1626 3953 er
1661 3898 1768 3954 frei
1805 3902 2056 3969 geboren
2095 3901 2183 3957 ist.
2255 3902 2366 3957 Die
2404 3903 2513 3958 den
2550 3901 2796 3956 Romern
2832 3900 2949 3954 und

675 3982 990 4038 Etruskern
1033 3984 1410 4053 gemeinsame
1449 3982 1756 4047 (Amulette
1792 3985 2168 4051 enthaltende,
2208 3988 2366 4043 bulla
2400 3993 2604 4056 trugen
2639 3987 2748 4042 alle
2783 3986 2947 4056 pueri

676 4070 909 4137 ingenui
937 4069 1025 4124 bis
1051 4085 1149 4125 zur
1172 4069 1458 4138 pubertas,
1498 4071 1592 4125 die
1616 4070 2024 4127 vomohmeren
2046 4072 2272 4142 goldne‚
2307 4073 2401 4128 die
2427 4076 2677 4128 iirmeren
2701 4071 2945 4127 lederna.

674 4153 801 4223 Vgl.
834 4157 912 4221 13,
939 4156 1003 4206 33
1031 4170 1084 4209 u.
1116 4157 1195 4222 14,
1223 4157 1269 4205 5.
1312 4155 1419 4209 Prl.
1447 4155 1474 4208 I
1503 4157 1720 4208 84-86.

819 4243 929 4292 165.
1002 4241 1171 4294 nodus
1207 4240 1517 4295 Halsband.
1591 4241 1796 4298 Avian.
1849 4243 1982 4299 Fab.
2018 4246 2099 4301 37.
2139 4247 2215 4295 15.
2288 4243 2452 4299 Vade
2497 4244 2581 4299 ait
2629 4244 2745 4303 <der
2779 4245 2949 4301 1ιὸπο

678 4342 802 4380 zum
840 4326 1059 4390 Hunde)
1099 4332 1157 4380 et
1192 4326 1412 4381 meritis
1447 4327 1656 4382 nodum
1694 4329 2015 4384 cervicibus
2053 4329 2210 4384 infer.
2287 4331 2502 4383 Muller.
