3334 5075
1063 390 1234 446 Liber
1269 389 1486 445 tertius.
1560 386 1769 444 Satura
1804 387 1931 443 Vn.
2525 394 2651 457 373

551 583 670 635 nos
711 572 932 631 tamen
977 563 1099 629 hoc
1141 564 1396 648 agimus
1441 562 1750 644 tenuique
1794 563 1865 627 in
1904 562 2181 646 pulvere
2223 563 2437 629 sulcos

552 676 848 743 ducimus
894 683 960 742 et
999 677 1157 741 litus
1199 674 1409 743 sterili
1453 692 1795 740 versamus
1838 680 2073 739 aratro.

428 798 505 853 50
552 809 704 855 nam
747 790 807 854 si
851 787 1173 870 discedas,
1222 787 1463 870 laqueo
1507 792 1692 852 tenet
1734 785 2060 852 ambitiosi

554 900 950 968 consuetudo
995 899 1179 979 mali;
1224 906 1408 967 tenet
1447 897 1818 965 insanabile
1860 897 2101 964 multos

553 1012 886 1079 scribendi
933 1011 1276 1078 cacoethes
1322 1018 1387 1077 et
1427 1029 1628 1093 aegro
1670 1011 1744 1077 in
1788 1008 1981 1076 eorde
2028 1010 2325 1077 senescit

554 1124 672 1190 sed
716 1131 934 1190 vatem
980 1124 1334 1209 egregium,
1383 1123 1488 1188 cni
1532 1141 1665 1186 non
1709 1120 1793 1186 sit
1835 1120 2099 1206 publica
2141 1141 2329 1204 vena,

555 1237 667 1317 qui
711 1236 806 1302 nil
852 1236 1214 1320 expositum
1259 1234 1469 1300 soleat
1511 1233 1855 1315 deducere,
1903 1252 2029 1299 nee
2072 1235 2183 1315 qui

431 1356 506 1428 55
557 1349 878 1414 communi
925 1348 1119 1413 feriat
1162 1366 1424 1412 carmen
1465 1345 1731 1412 triviale
1778 1353 2053 1428 moneta,

591 1549 670 1597 50.
744 1546 1110 1601 ambitiosum
1144 1544 1292 1597 Jahn
1329 1561 1484 1597 versu
1521 1551 1580 1596 51
1625 1543 1888 1597 amanto.

521 1729 604 1777 48.
643 1729 725 1778 49.
797 1726 927 1781 Den
963 1725 1118 1781 Sand
1157 1724 1272 1789 (des
1306 1723 1485 1790 Ufers)
1523 1723 1757 1793 pflflgen
1793 1722 2244 1793 sprichwortlicb
2280 1724 2371 1785 (im
2405 1726 2656 1781 Lateini-

385 1812 560 1867 scben
592 1827 700 1867 nm·
735 1811 830 1867 bei
856 1812 1147 1875 Dichtern)
1185 1810 1276 1865 fur
1301 1810 1692 1879 vergebliches
1715 1809 2018 1865 Bemtlben.
2066 1808 2199 1867 Otto
2226 1808 2347 1879 Spr.
2364 1810 2584 1866 harena
2607 1814 2654 1862 4.

386 1897 486 1952 Ov.
518 1897 750 1954 Heroid.
787 1900 834 1964 5,
879 1901 973 1949 115
1020 1897 1160 1967 quid
1211 1896 1455 1952 harenae
1508 1896 1729 1951 semina
1778 1895 2051 1951 mandas?
2132 1896 2261 1950 Non
2318 1896 2660 1965 profecturis

385 1983 584 2039 littora
615 1982 802 2039 bubus
849 1997 991 2037 aras.
1065 1982 1147 2038 Ib.
1191 1985 1252 2035 16
1284 1985 1404 2050 (17),
1443 1983 1539 2034 139
1576 1982 1718 2051 quid
1762 1981 2020 2038 bibulum
2067 1997 2243 2037 curvo
2291 1982 2658 2050 proscindere

386 2069 550 2124 littus
573 2076 759 2124 aratro
786 2067 993 2123 coner?
1029 2067 1199 2124 Trist„
1227 2067 1279 2121 V
1306 2071 1354 2135 4,
1381 2070 1447 2120 48
1485 2069 1604 2124 Nee
1629 2068 1780 2123 sinet
1804 2067 1902 2123 ille
1926 2073 2059 2123 tuos
2095 2068 2257 2124 littus
2281 2083 2440 2124 arare
2462 2068 2656 2123 boves.

385 2154 548 2210 Pont.
577 2154 660 2208 IV
685 2156 731 2218 2,
765 2158 825 2206 16
862 2155 1079 2210 siecum
1116 2152 1298 2208 sterili
1335 2168 1562 2208 vomere
1597 2154 1763 2209 littus
1799 2169 1914 2208 aro.

525 2242 608 2291 52.
680 2241 957 2293 cacoethes.
1038 2239 1234 2295 Galen.
1285 2238 1384 2294 Ad
1417 2239 1693 2295 Prorrhet.
1720 2256 1776 2309 p.
1803 2239 1923 2294 680
1957 2237 2202 2310 κακοήθη
2250 2240 2517 2309 νοσήματα
2564 2260 2662 2293 κα-

385 2326 595 2396 λοῦμεν,
632 2323 727 2378 ὅσα
759 2325 992 2378 κίνδυνον
1028 2324 1336 2380 ἀπειλοῦντα
1371 2331 1482 2385 τοῖς
1516 2328 1803 2394 κάμνουσιν
1850 2324 1944 2378 οὐκ
1979 2326 2264 2379 ἀποκόπτει
2297 2328 2392 2397 τὴν
2426 2332 2523 2397 τῆς
2561 2344 2661 2379 σω-

385 2410 564 2483 τηρίας
608 2410 806 2464 ἐλπίδα.
887 2409 1203 2466 Besonders
1248 2426 1362 2465 von
1410 2411 1742 2481 bosartigen
1778 2410 2183 2467 Geschwflren:
2237 2411 2379 2469 Cels.
2416 2412 2472 2468 V
2506 2414 2590 2479 28,
2627 2416 2659 2465 2

389 2497 507 2554 und
541 2496 685 2553 Plin.
722 2496 902 2552 Index
939 2512 985 2552 s.
1022 2496 1267 2568 κακοήθη
1293 2496 1500 2553 ulcera.
1563 2498 1717 2562 Hier,
1754 2497 1865 2552 wie
1902 2497 2047 2556 efter
2071 2498 2299 2558 morbus
2326 2506 2412 2564 (zu
2433 2500 2658 2556 Petron.

387 2601 436 2638 c.
461 2586 543 2636 46.
582 2582 822 2638 Ο.Τι·ἱιιι.
848 2599 902 2652 p.
932 2585 1076 2646 249):
1124 2575 1463 2638 krankhafte
1499 2582 1691 2639 Sucht-
1765 2583 1950 2639 Wenn
1984 2585 2081 2641 bei
2114 2586 2341 2642 Petron.
2367 2589 2433 2638 42
2452 2585 2489 2641 f.
2516 2586 2662 2644 anti*-

385 2685 536 2738 quus
571 2684 727 2724 amor
761 2683 966 2725 cancer
1003 2675 1090 2725 eet
1123 2669 1398 2725 bedeutet
1431 2665 1562 2723 ‘alte
1587 2669 1765 2724 Liebe
1802 2670 1879 2725 ist
1914 2671 2024 2726 wie
2048 2672 2144 2726 eln
2167 2669 2662 2742 Krebsgesehwur’

390 2754 467 2818 (O.
491 2754 662 2809 Trim.
689 2754 743 2810 S.
772 2757 908 2820 235),
955 2772 1018 2810 so
1055 2755 1199 2824 liegt
1233 2754 1443 2810 beiden
1479 2751 1861 2810 Ausdrlicken
1899 2756 2152 2812 dissolbe
2188 2757 2556 2828 Vorstellung
2591 2775 2662 2814 zu

389 2841 637 2896 Grande.

525 2931 607 2979 53.
680 2927 771 2979 cui
801 2945 907 2979 non
942 2927 1016 2979 eit
1047 2926 1265 2995 publica
1301 2943 1461 2978 vena.-
1502 2925 1705 2981 dessen
1728 2926 2042 2996 Begabung
2077 2927 2248 2984 keine
2272 2930 2662 2996 gewohnliehe

388 3014 479 3069 ist.
552 3014 685 3068 Hor.
712 3011 779 3068 Α.
807 3013 865 3066 Ρ.
891 3014 993 3063 409
1028 3012 1280 3067 studium
1316 3012 1440 3065 sine
1476 3011 1657 3067 divite
1694 3027 1855 3066 vena.
1928 3012 2136 3069 Donat.
2175 3014 2292 3068 Vit.
2319 3014 2487 3084 Verg.
2525 3019 2556 3079 g
2592 3019 2653 3067 41

385 3114 502 3154 non
547 3098 830 3154 communi
866 3112 1015 3153 vena
1058 3098 1248 3153 editos
1296 3101 1553 3156 (versus).
1625 3094 1724 3151 Ov.
1752 3097 1913 3153 Pont.
1942 3099 1999 3153 II
2026 3101 2074 3166 5,
2102 3102 2184 3154 21.
2213 3101 2277 3151 22
2315 3100 2662 3170 ingenioque

388 3201 530 3251 meo,
568 3199 717 3240 vena
750 3184 907 3253 quod
940 3199 1194 3253 paupere
1231 3190 1436 3248 manat,
1482 3182 1731 3239 Plaudis.
1804 3183 2028 3240 Petron.
2056 3189 2086 3236 3
2132 3200 2445 3242 sermonem
2487 3186 2665 3242 habes

391 3286 505 3325 non
540 3270 760 3340 publici
798 3271 1036 3339 saporis.
1100 3268 1201 3325 Ov.
1227 3268 1298 3325 A.
1324 3286 1371 3324 a.
1399 3269 1490 3323 ΙΙΙ
1516 3269 1616 3320 480
1653 3271 1930 3325 sermonis
1965 3271 2201 3340 publica
2234 3271 2414 3327 forma
2457 3272 2660 3342 placet.

387 3355 550 3411 Pont.
577 3355 662 3410 IV
692 3359 769 3420 13,
795 3358 929 3407 3—5
968 3363 1253 3412 structura
1287 3356 1396 3412 mei
1435 3356 1702 3410 carminis
1724 3384 1793 3394 —
1823 3372 1941 3410 non
1976 3358 2114 3425 quia
2148 3357 2387 3413 mirifica
2422 3363 2524 3423 est,
2562 3358 2666 3413 sed

393 3442 548 3509 quod
581 3456 688 3496 nec
724 3440 958 3510 publica
992 3448 1161 3497 certe.

529 3530 610 3579 54.
683 3526 767 3579 m?
798 3526 1126 3596 apameam.-
1163 3528 1349 3583 nichts
1386 3526 1758 3596 alltligliches.
1808 3525 2042 3590 Quintil.
2071 3529 2125 3582 X
2151 3532 2199 3598 5,
2232 3533 2286 3582 11
2328 3530 2663 3585 varietatem

387 3612 691 3681 similibus,
727 3614 1080 3681 voluptatem
1118 3614 1399 3682 expositis
1425 3612 1573 3667 dare.
1629 3613 1839 3667 Lucan.
1868 3612 1921 3667 V
1951 3616 2045 3666 102
2082 3617 2406 3683 expositum
2442 3617 2666 3672 cunctis

390 3699 649 3767 nullique
684 3704 952 3768 negatum
985 3700 1219 3754 Numen.

528 3785 798 3838 deducere.
889 3782 1124 3849 Quintil.
1164 3785 1256 3840 111
1298 3788 1347 3852 6,
1386 3788 1450 3838 69
1505 3785 1938 3839 commentarios
1991 3801 2135 3855 quos
2183 3787 2519 3843 adulescens
2568 3788 2663 3842 de-

392 3870 647 3927 duxerat.
719 3870 851 3925 Hor.
877 3871 1020 3940 Epp.
1050 3871 1108 3925 II
1137 3874 1181 3936 1,
1209 3873 1308 3922 225
1345 3875 1506 3927 tenui
1543 3873 1793 3929 deducta
1826 3877 2092 3943 poemata
2126 3872 2238 3928 filo.

529 3959 610 4008 55.
684 3955 811 4011 Sen.
849 3957 993 4025 Epp.
1032 3959 1113 4022 34,
1148 3960 1180 4008 4
1230 3960 1422 4013 omnia
1467 3957 1621 4013 facta
1667 3959 1938 4029 dictaque
1985 3975 2100 4014 una
2152 3957 2333 4014 forma
2378 3974 2662 4027 percussa.

392 4040 563 4110 Apul.
589 4041 759 4110 Apol.
786 4045 852 4096 38
892 4045 1142 4109 (nomina
1166 4043 1398 4109 Graeca)
1424 4046 1632 4099 Latina
1665 4051 1895 4099 moneta
1927 4059 2211 4115 percussa.
2271 4045 2661 4100 Fortunatian.

392 4127 483 4182 111
509 4130 539 4179 3
578 4131 649 4197 (p.
681 4130 793 4195 122,
821 4131 853 4180 9
890 4130 1069 4194 Halm)
1108 4129 1299 4184 verbis
1335 4131 1607 4186 utendum
1645 4137 1733 4186 est
1767 4138 1834 4186 ut
1875 4131 2115 4185 nummis
2162 4129 2395 4199 publica
2438 4139 2667 4187 moneta

389 4215 652 4282 sig-natis.
725 4213 961 4278 Quintil.
986 4216 1015 4270 I
1053 4219 1102 4282 6,
1138 4219 1167 4266 3
1217 4215 1602 4285 utendumque
1645 4217 1815 4286 plane
1862 4231 2141 4282 sermone,
2192 4221 2257 4270 ut
2298 4232 2524 4271 nummo
2570 4217 2667 4270 cui

393 4299 625 4368 publica
658 4297 839 4356 forma
873 4308 975 4357 est„
1036 4302 1168 4356 Hor.
1195 4303 1336 4370 Epp.
1365 4303 1424 4356 11
1450 4305 1496 4370 3,
1524 4305 1591 4352 59
1628 4304 1915 4374 signatum
1951 4307 2249 4372 praesente
2284 4310 2422 4358 nota
2458 4304 2665 4372 produ-

394 4400 522 4440 cere
556 4400 776 4441 nomen.
