3334 5075
1098 379 1269 436 Liber
1301 381 1533 449 primus.
1607 379 1812 436 Satura
1846 380 1945 435 IV.
2530 381 2654 445 253

566 572 696 618 non
740 552 914 618 cedit
932 561 937 568 '
956 552 1248 633 Veiento,
1298 548 1416 617 sed
1459 557 1532 616 ut
1576 550 1898 618 fanaticus
1946 558 2160 618 oestro

564 681 932 749 percussus,
979 663 1273 745 Bellona,
1320 669 1432 728 tuo
1476 661 1732 728 divinat
1773 670 1839 729 et
1880 657 2136 748 ‘ingens

402 783 519 839 125
568 794 756 841 omen
798 768 1024 841 habes’
1063 775 1277 857 inquit
1319 768 1559 857 ‘magni
1604 776 1894 857 clarique
1936 774 2262 858 triumphi.

565 906 787 969 regem
833 888 1117 969 aliquem
1163 887 1403 970 capies,
1451 894 1564 951 aut
1608 886 1693 953 de
1733 894 1991 953 temone
2034 886 2346 953 Britanno

570 997 827 1064 excidet
870 997 1247 1082 Arviragus.
1337 998 1687 1082 peregrina
1731 1004 1832 1063 est
1873 998 2089 1080 belua,
2136 1000 2348 1064 cernis

568 1117 816 1176 erectas
861 1110 929 1174 in
974 1115 1162 1194 terga
1205 1107 1401 1174 sudes
1417 1102 1477 1173 P’
1563 1108 1685 1176 hoc
1727 1108 1935 1176 defuit
1976 1129 2174 1175 unum

567 1221 884 1302 Fabricio,
931 1222 1212 1305 patriam
1256 1227 1327 1286 ut
1369 1219 1619 1286 rhombi
1666 1227 2052 1286 memoraret
2095 1229 2162 1288 et
2205 1239 2429 1287 annos.
2493 1190 2682 1263 'ts'

405 1340 522 1397 130
569 1326 900 1415 ‘quidnam
945 1333 1143 1415 igitur
1187 1331 1463 1397 censes?
1513 1331 1871 1399 conciditur
1886 1326 1945 1396 P'
1986 1327 2177 1399 ‘absit
2220 1334 2303 1400 ab
2346 1333 2462 1399 illo

571 1443 855 1510 dedecus
899 1437 1042 1509 hoc'
1081 1444 1427 1509 Montanus
1472 1445 1566 1509 ait
1607 1437 1799 1509 ‘testa
1843 1446 1979 1510 alta
2019 1452 2302 1528 paretur,

568 1574 734 1637 quae
779 1556 959 1621 tenui
1003 1575 1185 1621 muro
1228 1556 1583 1639 spatiosum
1629 1556 1896 1638 colligat
1938 1556 2174 1621 orbem.

567 1665 838 1733 debetur
882 1685 1155 1752 magnus
1198 1668 1462 1751 patinae
1507 1667 1889 1750 subitusque
1933 1667 2374 1734 Prometheae.

568 1780 868 1862 argillam
913 1785 1110 1861 atque
1152 1784 1358 1843 rotam
1403 1779 1594 1844 citius
1637 1786 1983 1864 properate
2028 1829 2043 1862 ‚
2092 1780 2208 1845 sed
2254 1799 2334 1845 ex
2379 1780 2502 1846 hoc

405 1896 522 1952 135
567 1895 857 1973 tempore
898 1890 1047 1971 iam,
1095 1888 1358 1972 Caesar,
1404 1890 1584 1974 figuli
1632 1897 1746 1955 tua
1788 1897 2004 1957 castra
2047 1884 2434 1973 sequantur'.

608 2071 720 2121 128.
792 2068 961 2138 Verg.
988 2067 1057 2123 A.
1085 2069 1201 2123 XII
1225 2071 1324 2121 643
1362 2070 1424 2124 id
1458 2070 1626 2126 rebus
1661 2069 1846 2126 defuit
1878 2086 2065 2126 unum.

540 2223 652 2274 123.
724 2222 817 2275 sed
862 2228 925 2276 ut
954 2223 1242 2295 fanaticus
1285 2227 1457 2277 ‹mtro
1494 2225 1797 2291 Percussus,
1833 2223 2089 2292 Bellona,
2127 2230 2218 2279 tuo
2251 2225 2473 2281 divinat.
2547 2227 2659 2283 Die

398 2307 646 2363 Priester
698 2308 817 2362 und
858 2308 1280 2365 Priesterlnnen
1323 2310 1423 2366 der
1465 2325 1579 2365 von
1627 2310 1740 2365 den
1783 2310 2029 2367 Romern
2063 2311 2297 2367 Bellona
2338 2319 2662 2382 genannten

400 2393 603 2448 Gottin
647 2409 762 2448 von
796 2393 1046 2450 Comana
1090 2396 1152 2450 in
1185 2395 1590 2465 Cappadocien
1626 2394 1881 2461 (fanatici
1917 2398 1990 2452 ab
2027 2397 2170 2452 aede
2204 2396 2493 2464 Bellonae;
2545 2400 2659 2469 vgl.

401 2481 449 2545 6,
484 2481 584 2531 512
618 2477 859 2537 furentis
892 2480 1160 2538 Bellonae
1193 2483 1501 2552 matrisque
1538 2482 1705 2539 deum
1740 2482 1958 2548 chorus)
1995 2484 2337 2553 weissagten
2373 2484 2464 2541 bei
2500 2484 2661 2541 ihren

398 2565 687 2635 Umzflgen
737 2567 797 2621 in
845 2566 945 2621 der
990 2567 1229 2637 Extase,
1278 2568 1402 2623 sich
1446 2569 1554 2623 mit
1585 2567 2006 2637 Doppelbeilen
2048 2571 2443 2626 verwundend.
2513 2571 2659 2626 Eine

400 2650 730 2718 Priesterin,
779 2651 874 2708 die
916 2654 1209 2723 welssagt,
1250 2654 1351 2709 ubi
1384 2652 1654 2709 Bellonae
1701 2659 1858 2709 motu
1905 2661 1994 2710 est
2036 2655 2276 2724 agitata,
2323 2673 2429 2712 nec
2476 2672 2660 2712 acrem

400 2736 727 2803 Flammam,
776 2753 892 2792 non
935 2754 1127 2794 amens
1172 2739 1408 2795 verbera
1448 2745 1574 2795 tota
1616 2740 1780 2795 timet
1817 2779 1827 2792 .
1855 2780 1867 2792 .
1894 2780 1906 2793 .
1944 2746 2003 2796 et
2036 2742 2194 2797 canit
2228 2749 2480 2809 eventus,
2518 2758 2660 2811 quos

403 2822 511 2877 dea
542 2838 747 2891 magna
779 2830 973 2879 monet
1002 2824 1210 2880 Tibull.
1235 2825 1265 2879 I
1290 2826 1337 2892 6,
1362 2827 1445 2878 43.

543 2909 654 2960 126.
727 2908 790 2962 de
844 2914 1043 2963 temone
1084 2910 1360 2964 Britanno
1393 2910 1626 2964 Excidet
1661 2910 1982 2980 Ανυίναφισ,
2027 2911 2158 2967 weil
2202 2912 2296 2967 die
2338 2913 2661 2969 Britannier

402 2992 506 3049 auf
540 2994 945 3064 Kriegswagen
988 2996 1221 3060 (esseda)
1265 2995 1570 3065 kiimpften.
1640 2995 1775 3050 Tac.
1811 2996 1947 3064 Agr.
1990 2999 2051 3048 12
2088 2998 2366 3065 quaedam
2398 2999 2662 3054 nationes

402 3085 462 3134 et
495 3095 663 3134 curru
696 3081 1059 3148 proeliantur.
1129 3082 1334 3137 Caesar
1367 3082 1429 3136 Β.
1456 3081 1521 3137 G.
1547 3081 1632 3137 IV
1655 3083 1738 3148 24,
1768 3084 1791 3133 1
1832 3082 2150 3149 essedariis,
2188 3098 2301 3151 quo
2334 3082 2663 3152 plerumque

401 3179 608 3233 genere
661 3166 722 3220 iu
764 3166 1000 3234 proeliis
1043 3169 1129 3224 uti
1175 3173 1542 3234 consuerunt3
1601 3170 1665 3221 33
1710 3173 1932 3224 tantum
1979 3183 2085 3223 usu
2128 3168 2420 3225 cotidiano
2465 3176 2524 3224 et
2567 3185 2660 3224 ex-

401 3251 737 3307 ercitatione
773 3250 1042 3318 efficiunt,
1078 3253 1163 3309 uti
1192 3282 1253 3293 —
1278 3268 1380 3322 per
1402 3260 1681 3310 temonem
1714 3269 2038 3323 percurrere
2072 3255 2214 3311 etin
2237 3255 2375 3325 iugo
2398 3256 2660 3311 insistere

402 3343 461 3391 et
494 3352 557 3393 se
593 3337 726 3392 inde
761 3337 824 3392 in
858 3353 1055 3394 currus
1091 3339 1364 3394 citissime
1397 3340 1651 3407 recipere
1688 3341 2028 3396 consuerint.

539 3422 648 3477 Die
674 3421 863 3490 Stelle,
899 3424 1056 3479 citirt
1084 3423 1179 3479 bei
1202 3423 1466 3494 Geoffrey
1490 3424 1556 3480 of
1569 3424 1899 3480 Moumouth
1922 3425 2005 3480 IV
2032 3427 2112 3492 16,
2149 3426 2227 3481 ist
2249 3425 2664 3494 Shakeepeares

403 3505 600 3572 Quelle
634 3507 723 3563 fiir
759 3509 871 3564 den
903 3511 1119 3565 Namen
1152 3509 1466 3579 Arviragus
1501 3511 1563 3564 in
1596 3510 1940 3580 Cymbeline.

545 3596 657 3647 128.
729 3595 896 3647 eadee.
970 3594 1151 3651 Sudes
1188 3596 1398 3651 densae
1422 3596 1667 3663 Dornen,
1705 3597 1871 3651 Prud.
1904 3596 2113 3665 Apoth.
2150 3599 2215 3648 59
2251 3597 2421 3653 sudes
2459 3611 2663 3653 saxeae

402 3679 767 3748 Felsspitzen‚
800 3679 971 3748 Apul.
1008 3681 1137 3736 Met.
1163 3680 1277 3735 VH
1307 3684 1384 3734 17.

538 3765 635 3818 Ιιοσ
669 3765 848 3836 defuit
881 3784 1047 3820 anum
1081 3766 1350 3821 Fabricio.
1412 3766 1628 3823 Seneca
1659 3766 1849 3822 Contr.
1875 3768 1904 3822 Ι
1931 3770 1978 3835 2,
2004 3770 2035 3820 2
2073 3769 2135 3823 id
2169 3770 2319 3824 enim
2355 3769 2564 3834 deerat,
2600 3774 2666 3824 ut

402 3851 613 3919 templa
645 3852 978 3920 reciperent,
1015 3868 1156 3922 quas
1193 3859 1294 3909 aut
1327 3869 1519 3909 carcer
1554 3861 1654 3909 aut
1675 3852 1914 3922 lupanar
1937 3854 2131 3921 eiecit3
2169 3854 2279 3923 vgl.
2307 3855 2335 3909 1
2360 3857 2408 3923 3,
2435 3856 2482 3921 13
2510 3854 2539 3908 1
2567 3855 2612 3919 7,
2633 3855 2663 3904 5

315 3984 325 3991 .
407 3936 522 3992 und
556 3936 839 3993 Ruhnken
873 3938 1074 3995 Vellei.
1112 3940 1172 3994 11
1198 3942 1280 4005 26,
1306 3941 1355 3992 2.

543 4024 656 4075 130.
730 4024 1070 4082 conciditur?
1121 4024 1305 4081 Ueber
1341 4025 1453 4080 den
1488 4024 1793 4089 Indicativ,
1829 4039 1918 4079 wo
1957 4030 2132 4090 (sonet
2155 4026 2217 4078 in
2241 4024 2339 4080 der
2365 4026 2409 4077 1.
2434 4024 2663 4088 Person)

403 4106 625 4177 gesragt
657 4109 816 4177 wil-d,
852 4125 970 4165 was
1005 4126 1134 4165 man
1168 4110 1307 4166 thun
1343 4108 1465 4175 soll,
1502 4126 1572 4163 zu
1608 4112 1655 4177 3,
1683 4112 1798 4162 296.

546 4195 660 4248 133.
732 4196 1076 4249 Prometheus
1111 4212 1181 4250 zu
1222 4198 1264 4262 1,
1291 4196 1371 4247 60.
1444 4196 1588 4251 Eine
1636 4195 1908 4251 thouarno
1944 4195 2210 4251 Schiissel
2253 4193 2343 4250 fflr
2379 4196 2472 4250 ein
2506 4193 2662 4249 kost-

403 4277 567 4335 bares
602 4278 835 4337 Gericht
868 4280 1014 4336 auch
1052 4282 1131 4347 11,
1162 4282 1223 4333 19
1261 4280 1536 4349 (gulosum
1569 4281 1807 4346 Fictile).

545 4366 656 4418 135.
730 4371 907 4420 castra
961 4366 1063 4421 das
1117 4365 1454 4421 kaiserliche
1508 4365 1810 4436 Hoflager‚
1865 4365 2186 4425 Hirschfeld
2218 4366 2336 4423 VG.
2379 4368 2660 4420 leo—200.
