3334 5075
677 368 807 432 496
1490 360 1783 417 Iuvenalis
1817 365 2134 417 saturarum

851 536 1023 603 alter
1066 535 1274 619 aquiS,
1321 532 1489 600 alter
1531 532 1809 599 flammis
1854 531 1942 598 ad
1985 530 2204 598 sidera
2246 533 2502 597 missus.

850 646 1105 714 fercula
1147 664 1320 712 nunc
1362 644 1519 711 audi
1563 642 1765 710 nullis
1811 651 2042 710 ornata
2085 642 2398 709 macellis.

727 768 804 825 65
855 759 937 826 de
983 757 1322 824 Tiburtino
1368 757 1590 823 veniet
1632 756 2102 840 pinguissimus
2148 773 2307 838 agro

853 868 1177 936 haedulus
1224 874 1290 934 et
1332 874 1467 935 toto
1512 885 1718 952 grege
1761 865 2034 948 mollior,
2081 866 2328 931 inscius
2372 866 2619 932 herbae

852 980 1131 1048 necdum
1176 995 1376 1046 ausus
1420 979 1644 1063 virgas
1688 977 1955 1043 humilis
1998 976 2295 1044 mordere
2341 978 2571 1058 salicti,

854 1094 965 1176 qui
1011 1091 1161 1176 plus
1204 1091 1398 1159 lactis
1440 1090 1643 1157 habet
1687 1107 1881 1173 quam
1929 1089 2287 1174 sanguinis,
2336 1095 2403 1155 et
2447 1089 2736 1156 montani

855 1205 1184 1289 asparagi,
1233 1203 1445 1287 posito
1490 1220 1652 1286 quos
1695 1201 1860 1285 legit
1902 1201 2099 1267 vilica
2142 1201 2305 1266 fuso.
2514 1190 2525 1200 '

731 1325 808 1381 70
855 1314 1134 1400 grandia
1177 1321 1518 1399 praeterea
1559 1319 1856 1395 tortoque
1899 1311 2187 1379 calentia
2212 1311 2421 1378 -faeno

856 1446 982 1493 ova
1025 1425 1265 1492 adsunt
1306 1426 1470 1510 ipsis
1514 1442 1659 1490 cum
1703 1423 2036 1506 matribus,
2085 1430 2152 1488 et
2195 1430 2496 1489 servatae

856 1544 1044 1622 parte
1091 1536 1249 1602 anni
1294 1537 1522 1619 quales
1568 1533 1834 1601 fuerant
1875 1536 1945 1600 in
1989 1534 2235 1601 vitibus
2282 1554 2472 1616 uvae,

857 1648 1203 1733 Signinum
1247 1646 1642 1731 Syriumque
1686 1647 1916 1729 pirum,
1967 1644 2051 1711 de
2097 1646 2397 1711 corbibus
2440 1643 2650 1711 isdem

892 1840 974 1891 66.
1047 1835 1312 1908 cyprian.
1349 1833 1513 1890 Iudd.
1552 1835 1652 1886 280
1701 1831 1994 1889 haedulus.
2077 1831 2258 1888 Exod.
2295 1834 2394 1886 383
2451 1832 2673 1902 integer
2725 1839 2785 1889 et
2836 1837 2959 1888 toto

684 1939 858 1995 grege
893 1923 1137 1980 mollior.
3008 1997 3021 2005 ·

894 2012 976 2063 69.
1047 2007 1288 2063 Martial.
1315 2007 1402 2061 IX
1426 2009 1509 2074 60,
1535 2008 1566 2058 3
1603 2019 1707 2062 seu
1741 2005 2112 2061 Praenestino
2149 2010 2208 2061 te
2244 2004 2426 2061 vilica
2459 2004 2605 2074 legit
2641 2005 2700 2060 in
2735 2003 2918 2061 horto.

824 2148 908 2200 63.
980 2147 1133 2202 Serv.
1158 2144 1328 2213 Verg.
1354 2142 1425 2198 A.
1450 2142 1537 2199 IV
1560 2145 1678 2196 619.

827 2285 908 2335 63.
981 2281 1150 2351 aquis.
1221 2280 1407 2336 Ueber
1451 2279 1547 2335 die
1594 2279 2015 2349 Erziihlungem
2064 2279 2174 2335 wie
2220 2278 2448 2335 Aeneas
2495 2280 2557 2333 in
2600 2278 2728 2335 dem
2763 2278 2961 2334 Flusse

687 2368 962 2424 Numicus
998 2366 1326 2430 (Numicius)
1366 2380 1490 2420 zum
1526 2365 1762 2435 Indiges
1799 2366 1937 2421 oder
1960 2365 2222 2435 Iuppiter
2247 2363 2482 2435 Indiges
2505 2365 2714 2431 wurde,
2750 2362 2963 2420 Preller

693 2452 820 2507 ΒΜ.
848 2451 909 2506 11
939 2454 1031 2504 141
1054 2450 1092 2506 i'.

825 2540 908 2590 64.
980 2537 1142 2592 nullis
1179 2543 1370 2591 ornata
1392 2537 1642 2592 macellis.
1691 2538 1851 2594 Mart.
1878 2535 1932 2592 X
1958 2540 2039 2606 56,
2068 2539 2203 2591 3-4
2231 2535 2393 2593 dives
2417 2541 2476 2593 et
2499 2550 2569 2591 ex
2594 2535 2747 2591 omni
2772 2534 2965 2605 posita

687 2628 777 2680 est
811 2622 1091 2678 instructa
1124 2623 1362 2680 macello
1387 2623 1542 2681 Cena
1575 2623 1702 2681 tibi.
1761 2622 1894 2679 Hor.
1918 2622 1980 2678 C.
2008 2621 2035 2677 1
2063 2624 2143 2687 37,
2171 2624 2203 2675 2
2237 2638 2391 2678 nunc
2425 2621 2729 2678 saliaribus
2755 2619 2964 2676 Ornare

687 2710 955 2780 pulvinar
999 2708 1231 2766 deorum
1273 2708 1522 2779 Tempus
1564 2712 1689 2765 erat
1733 2708 1993 2778 dapibus.
2082 2709 2240 2764 Mart.
2276 2706 2423 2763 XIII
2460 2709 2543 2774 91,
2579 2709 2610 2758 2
2655 2706 2966 2762 ambrosias

688 2801 891 2851 ornent
924 2810 1157 2851 munera
1191 2810 1319 2850 rara
1354 2795 1546 2864 dapes.
1617 2794 1766 2848 Plin.
1792 2795 1936 2864 Epp.
1962 2794 2055 2849 111
2089 2796 2172 2860 21,
2211 2796 2240 2845 3
2280 2808 2380 2850 eos
2415 2818 2483 2831 -
2518 2797 2620 2848 aut
2653 2792 2966 2848 honoribus

689 2887 790 2938 aut
823 2882 1071 2951 pecunia
1107 2894 1320 2937 ornare.

828 2969 909 3019 65.
983 2967 1046 3020 do
1100 2966 1386 3020 Tiburtino
1429 2995 1502 3006 —
1545 2983 1691 3036 aqro.
1783 2966 1932 3021 Dass
1986 2964 2110 3021 dies
2164 2966 2294 3022 eine
2334 2964 2644 3034 Besitzung
2690 2962 2966 3020 Juvenals

690 3067 808 3108 war
845 3052 997 3117 (aber
1031 3052 1144 3107 wol
1177 3052 1340 3108 nieht
1375 3052 1475 3107 der
1511 3050 1730 3122 agellus
1764 3057 2037 3119 paternus
2074 3053 2123 3117 6,
2151 3052 2251 3118 57),
2289 3050 2443 3119 zeigt
2477 3049 2573 3105 die
2608 3048 2968 3118 Erwiihnung

692 3138 793 3194 der
827 3137 1006 3193 vilica
1043 3143 1235 3203 (unten
1271 3155 1323 3191 v.
1350 3140 1450 3201 69).

829 3225 911 3275 68.
950 3225 1032 3276 69.
1103 3222 1347 3276 montani
1379 3220 1647 3291 aspar-aqi.
1721 3221 1865 3276 Plin.
1890 3222 1957 3277 N.
1983 3220 2035 3275 h.
2073 3218 2216 3276 XIX
2246 3222 2341 3273 145
2381 3225 2468 3277 est
2502 3226 2561 3276 et
2596 3219 2756 3275 aliud
2789 3234 2971 3289 genus

690 3308 965 3364 incultius
1003 3324 1299 3378 asparago,
1336 3308 1532 3363 mitius
1568 3306 1826 3372 corruda,
1864 3307 2079 3376 passim
2114 3305 2288 3363 etiam
2322 3304 2610 3362 montibus
2644 3321 2903 3363 nascens.

830 3396 912 3446 69.
986 3394 1114 3464 leqt‘t
1147 3394 1323 3448 vilica.
1394 3393 1553 3448 Mart.
1580 3391 1667 3448 IX
1692 3394 1774 3457 60,
1802 3394 1831 3443 3
1869 3391 2032 3448 oben.

832 3482 912 3531 70.
987 3483 1231 3548 tortoque
1267 3479 1497 3532 calentia
1529 3481 1730 3549 faeno,
1776 3476 1908 3532 weil
1957 3478 2043 3533 sie
2086 3475 2178 3532 fiir
2224 3478 2334 3533 den
2376 3476 2690 3545 Transport
2737 3477 2798 3530 in
2844 3476 2971 3531 Heu

694 3563 1097 3634 eingewickelt
1130 3576 1333 3619 waren.
1406 3564 1566 3620 Mart.
1594 3562 1686 3618 111
1712 3564 1794 3627 47,
1824 3565 1886 3614 14
1922 3567 2051 3618 tuta
2084 3562 2252 3619 faeno
2289 3578 2484 3620 cursor
2531 3577 2644 3617 ova
2687 3560 2967 3630 portabat

694 3650 812 3705 Der
848 3648 1032 3705 Schol.
1073 3646 1285 3706 erkliirt
1317 3651 1576 3705 recentia
1612 3665 1739 3718 ova,
1776 3649 1911 3702 noch
1945 3664 2167 3704 warme.

833 3736 914 3786 71.
957 3735 1035 3786 72.
1106 3739 1349 3788 servatae
1374 3764 1442 3773 —
1466 3752 1614 3789 uvae.
1679 3733 1938 3804 Recepto
1973 3751 2098 3790 zum
2123 3732 2545 3790 Aufbewahren
2569 3747 2684 3789 von
2705 3730 2971 3788 Trauben

697 3818 912 3874 Colum.
938 3819 1053 3874 XII
1080 3823 1148 3874 44
1186 3824 1358 3887 (uvas,
1395 3827 1462 3876 ut
1496 3820 1613 3876 sint
1643 3820 1858 3876 virides
1894 3834 2075 3890 usque
2111 3820 2186 3876 ad
2222 3834 2429 3875 annum
2460 3820 2544 3876 sic
2569 3818 2970 3881 custodiemus)

697 3904 816 3960 und
850 3907 917 3956 45
957 3905 1043 3971 (de
1081 3905 1354 3961 ollaribus
1388 3906 1551 3971 uvis).
1612 3904 1829 3961 Pallad.
1868 3905 2198 3975 September
2237 3908 2299 3958 17
2337 3904 2544 3971 (calida
2578 3906 2709 3974 pice
2747 3909 2975 3975 oportet

698 3990 900 4046 ambiri
939 3996 1109 4061 atque
1135 3991 1218 4048 ita
1242 3993 1301 4046 in
1325 3991 1455 4048 loco
1480 3992 1636 4048 sicco
1660 3989 1874 4060 stigido
1901 3995 1960 4046 et
1983 3991 2225 4049 obscuro
2251 3992 2376 4048 sine
2398 3991 2631 4047 luminis
2656 3990 2976 4060 irruptione

696 4077 1010 4146 suspendi).

837 4163 917 4214 72.
988 4167 1148 4233 parte
1172 4162 1315 4217 anni.
1380 4160 1462 4218 Zu
1487 4164 1552 4216 53
1578 4163 1697 4218 und
1735 4164 1782 4230 7,
1812 4164 1925 4216 159.
1962 4163 2100 4219 Pars
2127 4184 2190 4210 =
2217 4162 2313 4218 ein
2348 4169 2517 4233 guter
2538 4158 2731 4219 Theil:
2774 4162 2855 4230 12,
2878 4163 2975 4213 110

698 4253 915 4317 partem
950 4249 1197 4317 aliquam
1232 4247 1386 4305 belli.

839 4336 920 4387 73.
990 4333 1177 4391 Ueber
1213 4334 1308 4391 die
1341 4335 1749 4392 Birnensorten
1783 4334 1892 4390 Prl.
1914 4335 2032 4388 426.
2068 4332 2477 4392 Becker-Goell
2499 4332 2591 4389 111
2626 4336 2709 4387 81.
2759 4330 2974 4390 Colum.
