3334 5075
1139 389 1311 445 Liber
1346 395 1595 459 quartus.
1670 389 1876 447 Satura
1910 391 1980 446 X.
2570 391 2699 457 459

597 559 865 626 defossa
907 561 975 625 in
1022 559 1270 627 loculos
1317 578 1478 643 quos
1523 562 1817 646 sportula
1859 561 2019 629 fecit
2062 565 2323 629 amicos.

594 678 749 738 tnnc
792 690 1047 754 quoqne
1091 673 1433 738 materiam
1477 673 1647 738 risus
1691 673 1945 740 invenit
1987 673 2075 739 ad
2119 674 2329 741 omnis

594 801 902 849 occursus
947 782 1298 865 hominnm,
1348 785 1534 850 cuius
1579 783 1930 868 prudentia
1971 791 2291 852 monstrat

597 911 881 960 summos
925 913 1120 979 posse
1163 895 1341 960 viros
1387 902 1452 960 et
1494 915 1736 979 magna
1780 897 2083 981 exempla
2126 896 2393 963 daturos

471 1011 547 1067 50
595 1024 941 1072 vervecum
988 1007 1059 1071 in
1103 1005 1318 1089 patria
1361 1025 1716 1089 crassoque
1760 1008 1881 1074 snb
1925 1027 2081 1074 aere
2125 1009 2328 1074 nasci.

595 1116 855 1183 ridebat
899 1135 1091 1182 curae
1133 1136 1256 1183 nec
1298 1137 1429 1183 non
1475 1124 1541 1185 et
1583 1117 1831 1203 gaudia
1874 1118 2093 1203 vulgi,

596 1226 924 1294 interdum
970 1236 1037 1294 et
1079 1229 1404 1312 lacrimae,
1453 1248 1596 1294 cnm
1641 1230 1971 1295 Fortunae
2015 1232 2161 1315 ipse
2203 1232 2444 1297 minaci

594 1337 938 1405 mandaret
979 1340 1284 1422 laqueum
1329 1339 1744 1423 mediumque
1787 1340 2163 1409 ostenderet
2205 1362 2504 1428 unguem.

682 1468 839 1535 ergo
884 1469 1296 1535 supervacua
1339 1458 1454 1518 aut
1712 1453 2085 1536 perniciosa
2127 1461 2453 1538 petuntur,

633 1633 715 1683 46.
787 1629 1014 1687 loculos
1064 1629 1120 1684 P
1155 1634 1218 1684 ut
1263 1629 1490 1698 videtur,
1539 1648 1679 1684 nunc
1724 1629 1947 1701 prandia
1991 1633 2201 1685 macula
2248 1637 2326 1685 cst
2369 1631 2613 1687 indicam
2649 1634 2695 1688 i:

424 1714 632 1771 loculis
667 1735 725 1768 ω.

632 1803 714 1854 47.
787 1807 926 1857 tuno
964 1802 1018 1854 P
1046 1805 1311 1855 mutatum
1347 1802 1404 1854 in
1438 1808 1573 1858 tum.

635 1889 716 1940 54.
789 1893 890 1943 aut
923 1886 1249 1956 perniciosa
1273 1887 1390 1940 Pw:
1429 1902 1574 1957 quae
1610 1885 1839 1941 inseruit
1870 1885 2152 1955 Βαολιιεν,
2191 1892 2241 1941 et
2267 1893 2396 1958 post
2430 1895 2702 1958 petuntur

424 1978 475 2026 et
489 1978 618 2042 post
655 1973 889 2029 deorum
913 1971 1067 2042 siqua
1092 1971 1531 2043 interroqatiom‘e
1545 1990 1753 2041 ponem
1781 1973 1952 2033 (Mus.
1980 1973 2154 2027 Rhea.
2183 1973 2484 2028 XXXIV
2499 1982 2598 2030 355
2611 1979 2700 2038 3.).

423 2058 534 2114 Vel
574 2058 818 2112 inserunt
854 2057 1085 2129 Madviq
1121 2059 1418 2113 Doderloin
1453 2058 1640 2125 Jahnffss,
1678 2064 1743 2114 ut
1778 2059 1986 2113 Mum-o
2020 2064 2072 2113 et
2107 2060 2312 2129 Mayor
2348 2059 2445 2124 (ed.
2474 2063 2549 2124 4).
2601 2067 2703 2116 aut

420 2159 493 2200 ne
537 2145 864 2214 perniciosa
908 2149 1178 2214 petantur
1226 2149 1333 2201 etc.
1385 2145 1695 2199 Lachmann
1749 2150 1850 2200 aut
1901 2143 1994 2201 vel
2047 2144 2375 2215 perniciosa
2426 2150 2701 2212 putantur

424 2229 627 2299 Mayor
661 2230 856 2284 Journ.
884 2230 1153 2300 osphilol.
1185 2237 1316 2285 18⁷9
1343 2248 1405 2301 p.
1432 2237 1533 2284 272
1569 2245 1706 2300 ergo
1731 2245 2088 2299 supervacua
2112 2236 2214 2286 aut
2237 2230 2350 2286 sibi
2374 2230 2702 2299 perniciosa

420 2322 626 2383 petunt
659 2330 766 2371 nec
799 2315 1040 2385 Propter
1070 2346 1141 2355 —
1173 2316 1406 2372 deorum
1448 2316 1650 2371 Vahlen
1689 2315 1896 2371 Vindio.
1923 2315 2112 2370 Iuven.
2140 2333 2201 2386 p.
2232 2323 2296 2370 13
2333 2330 2469 2385 ergo
2506 2331 2699 2386 super-

421 2415 605 2455 vacua
647 2400 789 2458 haec
834 2408 935 2457 ant
979 2403 1081 2465 (vel
1125 2409 1226 2458 aut
1271 2401 1380 2469 vel,
1430 2407 1531 2457 aut
1566 2404 1639 2466 et)
1686 2401 2014 2470 perniciosa
2048 2407 2322 2471 putentur
2356 2400 2596 2470 Propter
2629 2431 2701 2441 —

423 2485 697 2542 deorum?
738 2486 1012 2541 Richards
1055 2488 1219 2544 Gla-2⁸.
1249 2489 1383 2542 Rev.
1411 2489 1493 2542 II
1509 2494 1627 2542 326.

421 2584 548 2593 -——-.-

632 2627 713 2676 50.
788 2625 982 2681 Horat.
1007 2625 1152 2694 Epp.
1180 2625 1240 2680 II
1271 2628 1315 2692 1,
1342 2628 1443 2678 244
1481 2631 1673 2681 unten.

628 2712 710 2762 52.
782 2710 978 2768 Horat.
1014 2712 1158 2781 Epp.
1193 2712 1222 2766 1
1260 2714 1305 2777 1,
1344 2713 1410 2764 68
1458 2712 1744 2767 Fortunae
1792 2717 1851 2767 te
1897 2725 2230 2781 responsare
2279 2711 2560 2780 superbae
2604 2711 2698 2766 Li·

422 2794 618 2851 berum
655 2801 715 2850 et
750 2801 1016 2853 erectum.

561 2935 683 2987 52⁸.
759 2932 947 2988 Schol.
972 2932 1123 2989 Pers.
1153 2935 1201 3000 2,
1229 2935 1294 2986 33
1334 2938 1477 2999 (cum
1511 2963 1582 2973 -
1616 2938 1896 3002 unguem).

557 3072 639 3121 46.
713 3071 926 3135 lot-alm,
963 3071 1074 3125 wie
1116 3073 1159 3137 1,
1188 3072 1269 3123 89.

556 3157 636 3206 50.
709 3172 984 3208 vervecum
1020 3154 1079 3208 in
1105 3155 1312 3224 patria.
1386 3155 1604 3225 Schope
1638 3154 1732 3211 fiir
1766 3153 2122 3223 Dummkopf
2151 3152 2285 3209 Otto
2323 3154 2446 3223 Spr.
2484 3168 2696 3210 vervex

418 3239 535 3294 und
595 3257 665 3294 zu
708 3241 934 3295 Petron.
976 3243 1055 3292 57.
1140 3239 1373 3297 Abdera
1419 3257 1535 3295 war
1584 3241 1686 3296 der
1734 3239 2074 3297 Geburtsort
2123 3239 2268 3294 auch
2315 3238 2552 3294 ander-er
2599 3240 2695 3296 be·

417 3323 731 3381 deutender
762 3325 1009 3391 Munner,
1045 3327 1155 3381 wie
1191 3325 1293 3381 dee
1317 3326 1661 3395 Protagoras
1698 3327 1815 3381 und
1850 3326 1951 3381 des
1978 3324 2332 3380 Historikers
2357 3326 2696 3381 Hecataeus.

555 3428 834 3480 croceoque
868 3412 964 3464 sub
1001 3429 1136 3465 aere.
1210 3412 1343 3466 Hor.
1369 3411 1512 3481 Epp.
1540 3411 1600 3466 II
1629 3414 1675 3476 1,
1703 3413 1803 3463 244
1837 3411 2115 3465 Boeotum
2152 3411 2212 3465 in
2250 3426 2441 3465 craeso
2480 3410 2697 3465 iurares

417 3510 548 3552 aere
601 3502 811 3551 natum.
900 3496 1018 3552 Cic.
1054 3497 1182 3552 Nat.
1222 3496 1273 3551 d.
1313 3497 1342 3551 1
1384 3497 1479 3548 120
1533 3497 1724 3565 patria
1773 3495 2091 3551 Democriti
2145 3512 2313 3566 quam
2364 3497 2694 3552 Democrito

420 3581 700 3649 digniora.

555 3669 637 3718 53.
697 3671 967 3738 fortunae
1019 3666 1297 3720 mandaret
1349 3668 1610 3736 laqueum.
1701 3665 1873 3736 Apul.
1912 3667 2042 3722 Met.
2081 3666 2168 3721 IX
2205 3668 2271 3718 36
2326 3667 2697 3735 suspendium

415 3765 541 3807 ecee
578 3759 638 3807 et
672 3753 812 3808 totis
848 3752 965 3807 illis
1003 3758 1062 3807 et
1097 3753 1242 3821 ipsis
1276 3750 1503 3821 legibus
1525 3752 1810 3807 mandare.
1858 3750 2041 3807 Plaut.
2067 3752 2219 3807 Pers.
2246 3751 2300 3806 V
2325 3755 2374 3819 2,
2401 3755 2465 3804 34
2504 3753 2698 3808 restim

416 3842 482 3892 tu
517 3838 627 3893 tibi
664 3853 806 3907 cape
843 3853 1090 3894 crassum
1126 3845 1185 3893 et
1219 3837 1504 3907 suspende
1540 3842 1614 3893 te.

554 3923 889 3993 mediumque
925 3924 1222 3978 accendunt
1257 3941 1497 3993 unquam.
1549 3921 1734 3978 Schol.
1774 3921 1970 3977 infami
2007 3922 2194 3991 digito
2232 3923 2397 3986 (Pers.
2426 3923 2472 3987 2,
2500 3923 2565 3973 33
2593 3921 2696 3974 mit

415 4006 596 4063 Jahns
620 4007 1010 4079 Anmerkung)
1037 4010 1091 4065 ei
1116 4009 1361 4078 turpiter
1387 4007 1724 4064 insultabat:
1762 4007 1875 4078 vgl.
1902 4023 1974 4062 zu
1996 4007 2154 4062 Mart.
2186 4006 2244 4060 II
2272 4008 2354 4071 28,
2385 4008 2407 4056 1
2452 4005 2695 4075 digitum

415 4094 698 4163 porrigito
733 4095 997 4151 medium.
1057 4094 1163 4151 Ale
1201 4096 1450 4151 obscbne
1486 4094 1746 4150 Gobiirde
1784 4092 1930 4148 auch
1963 4107 2062 4147 zur
2097 4090 2345 4146 Abwehr
2381 4091 2482 4145 des
2518 4091 2698 4146 bosen

413 4176 642 4235 Blickee
677 4180 1011 4249 gebraucht:
1050 4179 1112 4235 Ο.
1150 4179 1302 4235 Jahn
1337 4179 1458 4236 Ber.
1497 4179 1550 4234 d.
1589 4180 1768 4235 sache.
1808 4178 1936 4235 Ges.
1980 4180 2057 4229 17.
2083 4177 2244 4232 Febr.
2276 4178 2423 4229 1855.

553 4268 636 4317 54.
674 4268 756 4318 55.
829 4266 979 4322 Dans
1015 4267 1116 4322 der
1138 4265 1429 4321 Wortlaut
1464 4265 1565 4322 des
1600 4270 1789 4321 ersten
1813 4263 2023 4320 verses
2056 4263 2217 4317 nicht
2250 4261 2357 4317 mit
2381 4261 2699 4318 Sicherheit

417 4348 797 4407 herzuatellen
847 4353 945 4419 ist,
996 4352 1220 4421 ergiebt
1265 4350 1389 4406 sich
1436 4366 1540 4407 aus
1587 4352 1689 4407 der
1738 4364 1975 4419 groseen
2008 4347 2230 4404 Anzahl
2276 4348 2377 4403 der
2421 4348 2567 4403 dazu
2600 4362 2699 4417 ge-
