3334 5075
1109 350 1278 405 Liber
1312 351 1543 417 primus.
1617 351 1823 406 Satura
1857 352 1961 406 III.
2547 356 2672 420 227

575 540 751 586 more
797 522 1073 587 animae.
1164 520 1393 587 domus
1437 522 1691 588 interea
1735 541 1966 589 secura
2007 526 2286 608 patellas

574 632 706 698 iam
751 630 932 698 lavat
975 639 1041 698 et
1083 630 1291 698 bucca
1333 631 1614 697 foculum
1660 633 1904 700 excitat
1949 641 2015 700 et
2058 643 2248 704 sonat
2290 637 2499 703 unctis

572 743 908 826 striglibus
952 749 1018 809 et
1060 744 1254 827 pleno
1297 744 1626 828 componit
1669 745 1872 812 lintea
1914 752 2086 829 guto.

571 853 736 918 haec
779 854 950 919 inter
991 871 1232 938 pueros
1277 854 1458 921 varie
1502 863 1948 940 properantur,
1995 864 2064 924 at
2105 857 2218 924 ille

401 972 524 1029 265
571 966 703 1030 iam
748 964 938 1030 sedet
981 965 1047 1029 in
1093 966 1239 1050 ripa
1280 972 1690 1049 taetrumque
1734 968 2029 1034 novicius
2072 968 2287 1037 horret

572 1075 914 1161 porthmea
957 1095 1080 1143 nec
1123 1085 1343 1160 sperat
1387 1080 1651 1144 caenosi
1696 1079 1976 1162 gurgitis
2019 1080 2239 1145 alnum

570 1187 801 1253 infelix
843 1207 964 1254 nec
1005 1187 1204 1256 habet
1247 1208 1441 1271 quem
1481 1188 1776 1274 porrigat
1819 1208 1931 1256 ore
1975 1191 2291 1257 trientem.

655 1299 908 1382 respice
951 1318 1125 1365 nunc
1164 1299 1304 1366 'alia
1346 1318 1425 1365 ac
1469 1298 1733 1366 diversa
1776 1300 2068 1383 pericula
2111 1303 2344 1368 noctis:

571 1407 745 1492 quod
789 1409 1072 1495 spatium
1117 1411 1306 1476 tectis
1348 1409 1736 1477 sublimibus
1779 1411 1954 1477 unde
2000 1394 2360 1479 cerebrum

603 1598 719 1651 261.
791 1597 941 1653 Pers.
970 1598 1018 1665 3,
1042 1598 1108 1650 26
1146 1598 1466 1668 cultrixque
1501 1596 1618 1652 foci
1654 1613 1855 1655 secura
1887 1599 2115 1668 patella.

603 1685 718 1737 266.
789 1682 1003 1752 Vergil.
1026 1682 1096 1739 A.
1134 1682 1218 1739 VI
1251 1685 1351 1737 296
1405 1684 1667 1740 turbidus
1719 1683 1815 1739 hic
1863 1697 2004 1741 oeno
2056 1692 2333 1755 vastaque
2388 1687 2589 1756 voragi
2630 1702 2661 1742 e

394 1783 621 1839 gurges.

539 1943 654 1994 263.
727 1940 884 1997 GGL.
913 1940 972 1996 II
1007 1957 1062 2010 p.
1089 1942 1172 2006 36,
1199 1943 1265 1992 30
1301 1946 1502 2010 gutum
1535 1939 1785 2012 ληκυθίον
1810 1941 1880 1999 ὡς
1901 1936 2251 2011 Ἰουβενάλιος.
2302 1940 2447 1996 Einl.
2470 1943 2522 1998 S.
2548 1945 2662 1997 106.

534 2098 650 2149 261.
723 2095 905 2148 domus
940 2110 1012 2149 zu
1045 2111 1098 2150 v.
1128 2096 1207 2146 10.

533 2181 741 2250 263s64.
815 2179 1161 2236 Schabeisen
1196 2177 1381 2249 (settig
1418 2177 1591 2233 durch
1628 2178 1733 2234 das
1754 2176 2045 2235 Abreiben
2080 2180 2179 2236 der
2201 2180 2387 2246 Haut),
2423 2181 2663 2238 Leinon·

392 2267 592 2324 tilcher
615 2266 735 2322 und
759 2263 1048 2321 Oelkanne
1072 2268 1261 2333 (gntus
1286 2265 1430 2320 auch
1459 2267 1537 2330 11,
1561 2266 1686 2331 1583
1722 2265 1830 2319 Prl.
1858 2265 2080 2329 1165o):
2119 2265 2213 2321 die
2236 2266 2663 2335 gewohnlichen

392 2351 798 2423 Badegeriithe.
879 2348 987 2405 Prl.
1026 2350 1055 2405 I
1081 2351 1196 2403 289.
1267 2349 1490 2406 Petron.
1529 2366 1576 2404 c.
1605 2351 1665 2402 91
1716 2351 1886 2406 video
1936 2349 2148 2405 Gitona
2194 2367 2320 2406 cum
2365 2351 2560 2408 linteis
2606 2358 2666 2408 ot

394 2437 729 2508 strigilibus.

535 2525 650 2576 265.
725 2524 954 2575 taetrum
987 2551 1058 2562 —
1095 2521 1396 2576 Porthmoa.
1483 2519 1612 2590 Vgl.
1663 2521 1757 2577 die
1811 2520 2231 2591 Beschreibung
2289 2522 2391 2579 des
2440 2521 2663 2580 Charon

391 2609 560 2677 Verg.
592 2606 659 2664 A.
693 2606 779 2663 VI
806 2608 904 2659 298
918 2605 954 2661 f.
1037 2606 1261 2662 Petron.
1293 2608 1407 2672 121,
1446 2624 1498 2662 v.
1529 2609 1625 2659 117
1664 2608 1759 2671 (Β.)
1808 2608 1907 2662 vix
1951 2608 2150 2665 navita
2181 2608 2514 2665 Porthmeus
2563 2613 2659 2675 (so)

393 2693 655 2751 Sufficiet
689 2692 992 2748 simulacra
1024 2692 1209 2747 virum
1245 2692 1541 2747 traducere
1577 2692 1793 2748 cumba.
1855 2691 2025 2748 Anth.
2052 2692 2086 2746 l.
2110 2692 2392 2746 Burmann
2418 2692 2502 2748 IV
2526 2695 2608 2760 56,
2630 2697 2659 2745 5

399 2782 530 2845 (von
563 2779 873 2834 Mommsen
906 2777 1042 2832 CIL.
1071 2778 1125 2832 X
1154 2780 1197 2845 1,
1228 2777 1358 2829 191*
1394 2776 1484 2831 fflr
1519 2776 1731 2832 unecht
1764 2776 2046 2846 gehalten)
2081 2778 2243 2831 venit
2276 2787 2426 2847 aqua
2470 2779 2662 2848 porth-

392 2880 566 2931 meus,
613 2869 766 2920 terra
810 2863 904 2918 hic
950 2863 1121 2919 habet
1168 2861 1402 2919 cineres.
1476 2862 1730 2918 Fabi-etti
1765 2878 1819 2931 p.
1849 2864 1963 2929 702,
1992 2863 2090 2913 255
2127 2866 2217 2916 sat
2250 2860 2438 2917 fuerat
2468 2864 2659 2932 porth-

390 2965 521 3005 meu
571 2948 775 3019 cymba
816 2948 1041 3003 vexisse
1084 2947 1359 3002 maritum.
1444 2946 1562 3001 Das
1604 2945 1769 3001 Wort
1812 2946 2006 3001 wurde
2060 2946 2180 3001 also
2236 2948 2460 3015 (gewiss
2513 2948 2659 3003 nach

388 3033 795 3105 griechischem
844 3031 1156 3098 Gobrauch,
1208 3032 1446 3089 Pausan.
1475 3032 1527 3087 Χ
1553 3034 1688 3098 28,1
1748 3030 1775 3084 ὁ
1830 3029 2092 3101 πορθμεὺς
2147 3031 2229 3083 ἐπὶ
2279 3036 2390 3091 ταῖς
2442 3034 2657 3098 κώπαις)

390 3119 501 3176 fast
523 3120 632 3174 wie
668 3118 764 3178 ein
798 3120 975 3175 Name
1009 3116 1336 3187 gebraucht.

527 3207 642 3257 266.
716 3203 895 3257 conosi
923 3202 1167 3275 qurqitt'o.
1240 3201 1408 3271 Verg.
1435 3200 1505 3257 A.
1534 3199 1619 3256 VI
1644 3202 1745 3252 296
1783 3201 1946 3257 oben.
2019 3201 2214 3257 Iuven.
2241 3203 2290 3268 2,
2320 3204 2417 3253 150
2453 3202 2657 3273 Stygio

392 3319 451 3329 —
493 3292 553 3346 in
587 3290 831 3360 gurgite.

525 3378 643 3427 267.
712 3374 898 3431 Ueber
934 3373 1029 3429 die
1064 3373 1448 3440 Verbreitung
1483 3371 1582 3425 der
1615 3371 2011 3439 griechischen
2047 3371 2194 3428 Sitte
2231 3373 2308 3427 im
2342 3374 2658 3430 romischen

389 3460 589 3529 Reich,
634 3461 761 3516 dem
793 3460 981 3515 Toten
1025 3459 1119 3514 ein
1154 3455 1469 3514 Geldstuck
1510 3455 1600 3512 fflr
1635 3456 1859 3511 Charon
1903 3457 2184 3514 zwischen
2231 3456 2326 3514 die
2363 3458 2550 3516 Ziihne
2585 3476 2655 3514 zu

364 3546 658 3601 .schieben
693 3544 800 3602 SG.
827 3545 918 3600 111
946 3541 1093 3598 7551'.

526 3632 641 3683 268.
717 3629 962 3703 Respice.
1036 3629 1118 3683 Zu
1154 3630 1201 3695 2,
1231 3629 1344 3679 166.
2255 3692 2258 3697 .

525 3718 642 3769 269.
716 3715 867 3769 tecti-s
900 3712 1224 3768 sublimibus.
1261 3711 1448 3768 Ueber
1467 3711 1562 3768 die
1581 3712 1743 3768 Hohe
1762 3712 1862 3769 der
1883 3712 2103 3768 Hiiuser
2129 3713 2188 3768 in
2208 3714 2354 3768 Rom
2380 3713 2486 3771 SG.
2508 3716 2537 3770 Ῑ
2558 3717 2586 3766 7
2599 3717 2653 3770 ff.

524 3803 778 3855 269-72,
848 3799 1020 3868 Digg.
1049 3799 1133 3854 IX
1157 3800 1204 3865 3,
1235 3800 1279 3850 1.
1333 3797 1611 3866 Ulpianus
1628 3797 1775 3853 libro
1794 3798 1995 3853 XXIII
2015 3798 2089 3853 ad
2105 3798 2385 3854 Edictum.
2424 3800 2657 3857 Praetor

388 3885 472 3942 ait
506 3887 577 3943 de
611 3886 702 3942 his
737 3886 836 3954 qui
874 3885 1187 3941 deiecerint
1222 3882 1314 3938 vel
1342 3883 1672 3938 effuderint:
1709 3882 1872 3938 Unde
1898 3883 1959 3938 in
1983 3898 2110 3939 eum
2132 3881 2320 3939 locum
2345 3899 2459 3953 quo
2483 3885 2655 3953 volgo

387 3973 495 4028 iter
530 3971 629 4027 fiet
662 3970 755 4027 vel
791 3970 852 4025 in
887 3985 1000 4038 quo
1037 3969 1395 4034 consistetur‚
1432 3968 1717 4024 deiectum
1739 3969 1834 4024 vel
1857 3969 2094 4024 effusum
2117 3969 2258 4038 quid
2282 3970 2406 4033 erit,
2444 3970 2504 4023 in
2529 3983 2656 4024 eum

387 4058 484 4125 qui
523 4057 605 4113 ibi
640 4055 999 4121 habitaverit,
1039 4055 1099 4110 in
1135 4054 1370 4123 duplum
1406 4054 1684 4109 iudicium
1720 4054 1884 4110 dabo.
1946 4055 2008 4110 Si
2045 4069 2114 4109 eo
2152 4055 2271 4108 ictu
2307 4052 2474 4108 homo
2511 4054 2655 4109 liber

385 4143 623 4211 periisse
659 4142 897 4209 dicetur,
936 4140 1352 4210 quinquaginta
1387 4154 1683 4196 aureorum
1721 4139 1996 4195 iudicium
2032 4139 2209 4204 dabo;
2257 4138 2307 4194 si
2342 4140 2520 4207 vivet,
2555 4154 2655 4193 no-

387 4227 675 4297 citumque
712 4228 767 4282 ei
804 4241 928 4282 esse
965 4226 1203 4291 dicetur,
1242 4230 1513 4295 quantum
1551 4225 1623 4280 ob
1656 4241 1780 4282 eam
1814 4241 1930 4281 rem
1968 4224 2148 4279 iudici
2184 4223 2490 4290 videbitur,
2528 4238 2654 4278 eum

389 4328 516 4369 cum
552 4327 666 4381 quo
704 4317 906 4380 agetur
931 4311 1311 4377 condemnari,
1349 4310 1496 4366 tanti
1534 4311 1810 4366 iudicium
1836 4310 1999 4365 dabo.
2062 4309 2123 4365 Si
2156 4324 2352 4365 servus
2376 4308 2654 4366 insciente

2147 4412 2244 4463 15*
