3334 5075
629 366 760 430 486
1455 363 1749 420 Iuvenalis
1786 369 2102 419 saturarum

803 534 1087 618 antiquo,
1136 535 1360 601 veniet
1402 553 1548 600 eum
1593 536 2033 619 signatoribus
2078 553 2345 620 auspex.

803 647 965 712 haee
1008 653 1078 711 tu
1124 653 1382 712 secreta
1425 652 1493 711 et
1533 648 1764 731 paucis
1808 647 2153 713 commissa
2193 647 2500 731 putabas:

801 777 930 823 non
973 758 1102 822 nisi
1146 757 1438 841 legitime
1482 757 1624 823 vult
1667 759 1933 825 nubere.
2027 756 2184 840 quid
2226 759 2491 843 placeat
2532 757 2658 824 die.

802 869 869 932 ni
916 887 1149 952 parere
1192 870 1378 950 velis,
1426 868 1834 953 pereundum
1879 871 2005 935 erit
2048 876 2201 934 ante
2244 868 2571 948 lucernam

632 984 756 1043 340
803 980 859 1044 si
904 980 1118 1045 scelus
1162 979 1489 1062 admittas,
1537 978 1801 1046 dabitur
1843 1000 2025 1046 mora
2065 981 2360 1065 parvula,
2407 979 2562 1046 dum
2606 999 2712 1046 res

802 1096 955 1156 nota
997 1090 1142 1156 urbi
1189 1097 1256 1155 et
1297 1091 1540 1174 populo
1585 1093 1922 1175 eontingat
1962 1092 2275 1175 principis
2320 1111 2563 1157 aurem.

801 1200 1087 1267 dedecus
1129 1201 1244 1267 ille
1292 1200 1523 1268 domus
1568 1204 1733 1268 seiet
1775 1203 2072 1281 ultimus;
2119 1203 2373 1268 interea
2413 1209 2487 1268 tu

801 1315 1160 1395 obsequere
1202 1313 1495 1398 imperio,
1543 1315 1600 1379 si
1643 1315 1811 1381 tanti
1855 1315 1993 1380 vita
2037 1313 2290 1379 dierum

800 1443 1171 1509 paucorum.
1266 1423 1587 1508 quidquid
1629 1425 1843 1492 levius
1887 1425 2208 1492 meliusve
2250 1425 2519 1510 putaris,

632 1543 752 1600 345
798 1535 1178 1621 praebenda
1222 1543 1324 1602 est
1365 1535 1589 1621 gladio
1632 1536 1909 1621 pulehra
1952 1536 2119 1602 haee
2163 1543 2229 1603 et
2272 1535 2555 1603 eandida
2597 1537 2835 1603 oei-vix.

889 1648 983 1712 nil
1027 1666 1184 1732 ergo
1230 1647 1548 1730 optabunt
1590 1647 1885 1714 homines
1902 1648 1937 1712 Ρ
1987 1648 2045 1713 si
2090 1647 2428 1714 eonsilium
2471 1648 2592 1729 vis,

836 1818 952 1870 337.
1023 1818 1292 1886 putabas:
1333 1819 1542 1872 Mulier
1573 1819 1859 1888 putabas?
1902 1819 2103 1874 Vahlen
2127 1818 2407 1872 Bachekr.
2460 1813 2566 1871 ‘vel
2585 1834 2650 1871 ex
2674 1818 2785 1871 Ioco
2807 1835 2905 1870 suo

628 1907 801 1957 metm
836 1904 923 1957 vel
952 1903 1173 1973 spurius
1207 1903 1422 1956 videtur
1455 1904 1542 1957 hic
1576 1901 1774 1958 versus'
1813 1904 2117 1958 Markland
2147 1922 2233 1974 ap.
2261 1904 2477 1973 Mayor.

835 2060 951 2110 341.
1024 2055 1290 2127 Cyprisn.
1317 2058 1452 2113 Iesu
1475 2058 1633 2113 Nave
1663 2060 1760 2110 180
1797 2058 2048 2113 dedecus
2073 2057 2134 2111 id
2156 2062 2461 2126 postquam
2488 2058 2744 2114 ductoris
2769 2074 2902 2114 eon·

627 2144 766 2214 tigit
799 2157 979 2199 sures.

766 2297 883 2347 336.
956 2295 1110 2350 Serv.
1146 2294 1317 2364 Verg.
1355 2294 1425 2350 A.
1465 2297 1493 2349 1
1531 2298 1632 2349 346
1680 2296 1892 2362 (veniet
1925 2325 1993 2334 —
2031 2300 2280 2366 auspex).
2355 2296 2512 2353 CGL.
2550 2298 2609 2352 II
2644 2312 2698 2366 p.
2726 2298 2808 2362 27,
2837 2298 2895 2347 31

628 2396 844 2451 auspex
879 2380 1173 2449 pronubus
1209 2381 1563 2451 παράνυμφος.
1635 2381 1784 2437 Einl.
1824 2380 1878 2436 S.
1912 2382 2023 2433 108.

765 2535 881 2587 336.
953 2552 1073 2588 oum
1105 2534 1467 2606 signatoribus
1501 2553 1717 2605 auspex.
1785 2534 1915 2605 vgl.
1942 2538 1991 2603 2,
2021 2538 2119 2589 119
2158 2535 2265 2601 (bei
2304 2538 2405 2593 der
2439 2532 2900 2598 Hoehzeitsfeier)

626 2620 888 2689 signatae
923 2620 1168 2686 tabulae,
1208 2620 1424 2675 dietum
1446 2616 1723 2676 ‘feliciter'
1756 2621 1875 2676 und
1897 2622 2005 2676 Prl.
2034 2624 2117 2687 52,
2142 2624 2190 2674 8.
2251 2622 2362 2676 Die
2385 2620 2766 2691 Besiegelung
2802 2620 2903 2675 des

624 2704 1034 2761 Eheoontrsets
1077 2706 1195 2761 und
1243 2706 1337 2762 die
1372 2705 1719 2774 Austellung
1751 2722 1867 2761 von
1901 2704 2222 2775 Auspieien
2257 2706 2557 2761 erwiihnen
2593 2705 2902 2761 ausdruck·

626 2789 741 2844 lioh
767 2789 912 2845 such
929 2789 1062 2845 Tse.
1082 2789 1152 2845 A.
1173 2790 1256 2846 XI
1280 2793 1343 2843 27
1369 2791 1661 2857 (adhibitis
1680 2792 1779 2860 qui
1808 2791 2178 2861 obsignarent
2200 2820 2262 2830 -
2281 2791 2436 2847 illam
2460 2792 2689 2847 audisse
2713 2791 2904 2859 suspi-

626 2891 755 2930 eum
789 2875 980 2939 verbs)
1017 2877 1134 2930 und
1172 2875 1325 2931 Suet.
1363 2875 1561 2932 Claud.
1590 2878 1655 2929 26
1694 2877 1846 2939 (dote
1884 2875 2032 2931 inter
2069 2878 2333 2946 auspices
2360 2877 2720 2945 consignsts.;
2757 2875 2902 2930 nseh

626 2976 750 3029 esp.
778 2961 844 3013 29
881 2959 990 3015 soll
1024 2960 1300 3016 Claudius
1337 2962 1449 3016 den
1482 2961 1864 3017 Ebeeontrset
1898 2961 2154 3025 [tabellas
2191 2963 2360 3028 dotis]
2409 2962 2592 3017 selbst
2626 2961 2905 3030 besiegelt

624 3046 843 3111 haben).

764 3132 881 3182 338.
953 3129 1082 3199 vgl.
1121 3134 1170 3196 2,
1201 3133 1416 3184 135-6.

768 3214 904 3284 quid
925 3216 1144 3284 placeat
1178 3214 1277 3267 dic.
1351 3214 1478 3271 Sen.
1516 3214 1710 3271 Benef.
1737 3216 1797 3271 II
1824 3219 1905 3284 21,
1933 3220 1964 3268 2
2002 3219 2144 3287 quid
2179 3233 2314 3287 ergo
2351 3218 2592 3286 placeat,
2630 3217 2833 3272 diesm.

766 3302 883 3354 339.
955 3303 1080 3353 ante
1114 3301 1369 3354 lucernas.
1442 3300 1602 3355 Mart.
1628 3301 1685 3354 X
1714 3304 1794 3367 19,
1826 3304 1886 3353 18
1924 3303 1998 3358 sd
2032 3304 2308 3359 lucernas.

766 3388 883 3438 341.
957 3384 1108 3438 Nota
1141 3384 1270 3438 urbi
1300 3389 1352 3439 et
1377 3385 1603 3455 populo.
1662 3384 1798 3440 Tae.
1824 3384 1895 3440 A.
1921 3384 2008 3439 XI
2032 3388 2098 3436 30
2133 3388 2551 3444 matrimonium
2588 3386 2719 3443 Silii
2753 3386 2905 3443 vidit

627 3470 876 3542 populus
933 3476 992 3526 et
1034 3476 1267 3526 senatus
1316 3476 1375 3526 et
1417 3470 1595 3526 miles.
1679 3470 1900 3526 Seneca
1943 3471 2087 3539 Epp.
2123 3472 2206 3537 66,
2232 3474 2299 3523 34
2346 3473 2582 3528 urbibus
2626 3477 2797 3528 notus
2846 3478 2905 3527 et

627 3555 873 3625 populis.

766 3642 882 3692 342.
955 3638 1202 3693 Dedecus
1245 3638 1334 3693 illo
1381 3639 1565 3693 domus
1598 3641 1731 3695 sciet
1764 3641 2000 3695 ultimus.
2074 3642 2188 3697 Dio
2224 3639 2378 3697 Cass.
2413 3640 2518 3696 Lx
2540 3643 2603 3693 31
2641 3639 2779 3694 ταῦτ’
2814 3640 2902 3694 οὖν

625 3724 714 3778 καὶ
748 3724 847 3777 ὑπὸ
883 3723 1088 3778 πάντων
1125 3723 1421 3794 ἀκουόμενα
1454 3726 1543 3778 καὶ
1579 3724 1815 3796 ὁρώμενα
1850 3728 1938 3781 τὸν
1973 3733 2096 3798 γοῦν
2132 3724 2390 3781 Κλαύδιον
2428 3724 2724 3779 ἐλάνθανεν.

768 3813 884 3863 345.
959 3810 1271 3865 Praebenda
1319 3814 1397 3864 est
1430 3841 1501 3850 —
1536 3812 1731 3865 cerviec.
1802 3813 2079 3869 Praebere
2128 3812 2408 3868 cervicem
2451 3811 2578 3867 Seu.
2614 3810 2758 3880 Epp.
2796 3814 2845 3878 4,
2873 3813 2901 3860 7

627 3896 747 3951 und
784 3898 866 3963 82,
898 3899 975 3948 12.
1046 3896 1131 3950 Id.
1168 3896 1373 3965 Tranq.
1412 3912 1501 3951 sn,
1533 3900 1610 3963 11,
1639 3901 1667 3950 5
1706 3899 1977 3967 praebere
2012 3898 2286 3968 iugulum.

765 3983 1054 4035 346—366.
1125 3981 1313 4038 Ueber
1360 3982 1455 4037 die
1502 3984 1753 4039 stoisehe
1794 3984 2060 4053 Fiirbung
2106 3985 2295 4039 dieses
2329 3981 2701 4039 Absehnittes
2748 3980 2905 4037 siehe

630 4067 725 4123 die
759 4067 1097 4137 Einleitung
1133 4067 1186 4123 S.
1214 4070 1297 4121 39.

767 4156 882 4206 347.
934 4154 1067 4209 Hor.
1105 4153 1220 4208 c.1
1248 4156 1295 4219 9,
1322 4154 1354 4205 9
1390 4153 1659 4209 Permitte
1697 4154 1848 4210 divis
1885 4159 2126 4211 caetera.
2197 4154 2386 4210 Valet.
2424 4155 2571 4209 Max.
2596 4153 2713 4209 vn
2738 4153 2768 4204 2
2795 4152 2842 4207 E
2879 4154 2900 4203 1

628 4242 800 4307 teque
844 4243 1030 4295 totum
1074 4239 1405 4295 caelestium
1442 4240 1680 4294 arbitrio
1716 4241 2006 4312 permitte,
2058 4241 2195 4309 quis
2230 4240 2330 4308 qui
2366 4239 2617 4295 tribuere
2651 4238 2801 4293 bons.
2837 4252 2909 4293 ex

628 4320 786 4379 facili
824 4325 1025 4393 solent,
1064 4325 1236 4382 etiam
1273 4326 1485 4394 eligere
1522 4325 1817 4394 aptissime
1852 4334 2107 4395 possunt.
