3334 5075
707 348 835 412 494
1015 407 1018 410 .
1523 345 1815 402 Iuvenalis
1850 350 2166 402 namtarum

884 525 950 583 et
994 538 1211 585 eoram
1255 517 1538 584 dominis
1582 517 2007 597 eonsumitur3
2053 515 2208 582 inde
2252 518 2365 585 ubi
2408 519 2673 603 paulum

879 631 1103 697 neseio
1150 628 1309 713 quid
1354 634 1653 713 superest
1697 635 1764 695 et
1804 629 2010 713 pallet
2053 627 2342 695 faenoris
2387 636 2630 710 auctor,

880 743 991 825 qui
1038 747 1295 808 vertere
1340 741 1567 821 solum,
1611 739 1816 805 Baias
1863 747 1929 806 et
1971 737 2059 806 ad
2104 747 2320 805 ostrea
2363 748 2644 807 eurrunt.

753 861 832 916 50
881 852 1115 919 cedere
1159 870 1439 934 namque
1486 850 1624 917 foro
1670 852 1804 915 iam
1848 870 1979 917 non
2025 862 2128 917 est
2171 850 2461 918 deterius
2507 871 2702 935 quam

882 965 1214 1047 Esquilias
1259 983 1301 1029 a
1344 961 1624 1029 ferventi
1670 963 1957 1046 migrare
2002 962 2275 1029 Subura.

879 1077 994 1142 ille
1039 1074 1225 1141 dolor
1271 1074 1449 1140 solus
1495 1074 1776 1158 patriam
1821 1073 2241 1158 fugientibus,
2288 1075 2405 1141 illa

878 1188 1210 1253 maestitia
1254 1193 1372 1266 est,
1422 1185 1713 1251 caruisse
1759 1204 1929 1251 anno
1975 1185 2371 1252 circensibus
2417 1205 2563 1252 une.

877 1298 1219 1381 sanguinis
1264 1299 1334 1363 in
1377 1295 1550 1362 faeie
1592 1317 1724 1362 non
1769 1296 1997 1362 haeret
2039 1303 2243 1381 gutta,
2290 1305 2624 1364 morantur

750 1417 827 1473 55
876 1410 1067 1494 pauci
1113 1407 1458 1474 ridiculum
1504 1415 1568 1473 et
1610 1406 1967 1492 fugientem
2012 1427 2095 1473 ex
2140 1408 2301 1474 urbe
2344 1407 2674 1493 pudorem.

963 1520 1305 1604 experiere
1350 1517 1544 1584 hodie
1590 1517 1906 1601 numquid
1951 1518 2393 1603 pulcherrima
2434 1519 2629 1600 (lietu,

910 1796 993 1845 55.
1065 1799 1126 1848 et
1158 1791 1472 1862 fugientem
1510 1809 1541 1852 ς
1566 1790 1885 1845 Priscianus
1929 1791 2293 1860 effugientem
2333 1792 2540 1845 Mauro
2576 1793 2727 1862 apud
2760 1794 2967 1864 Mayor

699 1884 928 1949 propter
961 1879 1254 1949 neqleciam
1288 1895 1565 1933 caecarum
1599 1881 1882 1948 censerem
1922 1884 2002 1944 10,
2029 1884 2130 1933 358
2165 1881 2217 1931 et
2254 1886 2335 1944 u,
2364 1883 2477 1933 108.

909 2131 991 2181 49.
1064 2124 1332 2197 Cypriam.
1357 2125 1537 2181 Exod.
1566 2126 1632 2178 96
1670 2125 1775 2181 ille
1811 2125 1996 2181 solum
2033 2131 2275 2181 vertens.

836 2368 902 2419 54
917 2383 960 2422 s.
1030 2366 1303 2422 Priscian.
1329 2364 1478 2421 VIII
1503 2368 1551 2430 4,
1579 2366 1644 2416 23
1682 2363 1848 2420 GLK
1873 2364 1933 2419 II
1960 2365 2078 2430 389,
2107 2365 2171 2416 19
2210 2363 2516 2428 <Iuvenalis
2564 2366 2623 2420 in
2661 2366 2809 2421 1111:
2854 2385 2975 2424 mo·

696 2457 894 2508 rantur
930 2479 993 2492 —
1032 2452 1322 2520 pudorem)
1360 2449 1429 2506 ef.
1455 2450 1730 2507 Priscian.
1756 2449 1957 2504 XVIII
1984 2450 2085 2502 288
2122 2447 2287 2505 GLK.
2316 2449 2406 2505 111
2433 2452 2548 2519 36¹,
2577 2452 2657 2503 22.

831 2694 915 2744 47.
989 2709 1167 2745 coram
1203 2690 1463 2745 dominis:
1502 2691 1563 2745 in
1599 2691 1942 2760 Gegenwart
1976 2690 2077 2745 der
2110 2689 2410 2747 Darleiher
2446 2690 2548 2757 (als
2583 2692 2684 2747 der
2718 2694 2973 2751 Besitzer

671 2778 796 2852 ¹des
831 2776 1073 2841 Golden).
1119 2773 1241 2832 ‘Mit
1275 2776 1563 2833 iihnlieher
1595 2775 1851 2831 Freiheit
1882 2775 2028 2830 wird
2064 2775 2327 2832 dominus
2361 2792 2475 2832 von
2529 2777 2656 2834 dem
2692 2778 2972 2836 Besteller

692 2866 853 2920 eines
885 2862 1082 2919 Bildes
1116 2863 1443 2933 gebraueht.
1515 2861 1659 2916 Plin.
1687 2862 1752 2917 N.
1776 2860 1829 2914 h.
1856 2860 2080 2917 XXXV
2116 2864 2181 2913 30
2217 2860 2471 2926 (colores)
2508 2860 2697 2918 floridi
2733 2870 2869 2920 sunt
2901 2894 2973 2904 —

693 2965 838 3019 quos
896 2949 1160 3005 dominns
1203 2948 1466 3019 pingenti
1512 2953 1769 3017 praestat
1815 2975 1888 2986 —
1929 2946 2167 3002 minium
2217 2953 2323 3003 ete.
2422 2947 2505 3004 Ib.
2542 2950 2612 3000 44
2656 2964 2689 3004 e
2732 2949 2973 3019 reliquis

691 3035 980 3090 coloribus
1017 3049 1161 3104 quoe
1197 3050 1232 3090 a
1264 3033 1511 3089 dominis
1535 3033 1659 3088 dari
1687 3031 1935 3087 diximus
1958 3038 2192 3102 propter
2213 3031 2662 3103 magnitudinem
2686 3036 2838 3103 preti
2861 3042 2971 3091 ete.

826 3209 911 3259 49.
983 3210 1188 3260 vertere
1229 3205 1411 3259 solmn-
1502 3203 1690 3261 Schol.
1741 3203 2003 3260 exsilium
2048 3203 2188 3272 pati.
2260 3202 2378 3258 Oie.
2416 3203 2579 3260 Osee.
2607 3207 2690 3272 34,
2724 3207 2821 3258 100
2870 3207 2970 3275 qui

688 3293 892 3350 volunt
927 3293 1177 3362 aliquam
1212 3306 1455 3361 poenam
1490 3289 1882 3360 subterfugere
1919 3294 2021 3345 aut
2055 3289 2433 3346 calamitatem
2446 3329 2459 3355 ‚
2508 3304 2577 3345 eo
2623 3290 2807 3346 solum
2842 3308 2969 3348 ver·

687 3386 833 3445 tunt,
870 3379 980 3434 hoe
1016 3384 1104 3434 eet
1138 3378 1328 3434 sedem
1366 3393 1434 3432 ae
1468 3376 1656 3431 loeum
1693 3381 1928 3431 mutant„
1985 3376 2210 3431 Petron.
2237 3376 2297 3427 81
2340 3375 2706 3433 eonturbavit
2742 3384 2801 3433 et
2836 3376 2969 3433 libi·

688 3466 842 3520 dinis
879 3477 1017 3520 suae
1053 3463 1236 3519 solum
1270 3463 1458 3519 vertit.

826 3549 1002 3603 Baias
1037 3553 1088 3602 et
1123 3549 1196 3601 ad
1227 3553 1416 3602 ostrea.
1487 3548 1600 3604 Die
1646 3547 1858 3603 Phrase
1905 3547 2033 3603 dem
2076 3544 2484 3617 Hendiudyoin
2528 3548 2847 3612 verwandt,
2896 3563 2967 3602 zu

691 3638 736 3699 1,
765 3636 845 3687 72.
896 3633 1002 3690 SG.
1030 3633 1089 3688 II
1132 3636 1245 3700 121,
1274 3637 1320 3686 3.
1394 3633 1506 3689 Die
1539 3632 1795 3688 Austern
1829 3637 1950 3695 (aus
1987 3633 2116 3688 dem
2149 3631 2422 3687 Lueriner
2457 3631 2580 3697 See)
2617 3632 2776 3688 Mart„
2803 3632 2858 3686 X
2884 3634 2967 3699 37,

689 3720 892 3770 11—12
927 3719 1047 3774 und
1082 3736 1151 3776 zu
1183 3723 1235 3787 4,
1267 3721 1530 3773 140—141
1573 3719 1692 3774 und
1728 3721 1774 3784 8,
1802 3719 1885 3770 86.

829 3808 911 3857 50.
985 3806 1164 3859 cedere
1187 3809 1341 3877 soro,
1378 3821 1444 3860 so
1481 3804 1628 3860 auch
1662 3803 1792 3860 Sen.
1829 3802 2040 3859 Beneff.
2067 3802 2154 3858 IV
2178 3805 2261 3869 39,
2288 3806 2318 3855 2
2354 3803 2473 3858 und
2496 3803 2669 3873 Digg.
2696 3802 2835 3858 XVI
2862 3806 2911 3872 3,
2935 3807 2968 3857 7

685 3894 716 3955 5
753 3894 785 3945 2
822 3891 1050 3960 quoties
1084 3890 1210 3948 foro
1247 3891 1462 3947 cedunt
1493 3888 1875 3946 nummularii.

824 3979 906 4030 51.
976 3976 1266 4047 Esquilias.
1342 3978 1422 4032 Zn
1458 3978 1615 4041 3‚71.

810 4062 1067 4135 ferventi
1096 4092 1166 4104 —
1206 4063 1436 4116 Subura.
1511 4062 1591 4117 Zu
1629 4065 1678 4129 3,
1717 4065 1764 4114 5.

823 4152 906 4202 53.
979 4166 1132 4202 anno.
1204 4148 1316 4203 Ein
1351 4146 1591 4203 Ablativ
1627 4147 1925 4203 del-selben
1959 4146 2083 4213 Art,
2119 4147 2230 4203 wie
2268 4147 2333 4198 72
2370 4152 2533 4215 parte
2570 4145 2722 4201 anni.

825 4237 906 4286 54.
945 4237 1027 4286 55.
1097 4232 1341 4303 Wenige
1385 4233 1578 4290 hulten
1623 4233 1719 4290 die
1756 4233 1956 4290 Soham
2003 4231 2140 4299 fest,
2200 4232 2295 4287 die
2340 4248 2444 4288 aus
2490 4231 2639 4287 Rom
2692 4229 2966 4298 entflieht,

685 4320 736 4375 d.
763 4319 815 4373 h.
841 4320 1066 4389 wenige
1099 4319 1401 4376 bewahren
1436 4319 1586 4374 noeh
1622 4317 2146 4387 Schamhaftigkeit.
