3334 5075
645 357 770 415 444
1456 353 1748 409 Iuvenalis
1785 360 2097 408 saturarum

905 544 942 589 o
986 525 1306 609 Corydon,
1355 524 1678 608 Corydon,
1726 534 2044 591 secretum
2090 523 2314 592 divitis
2360 528 2559 591 ullum

814 654 961 701 esse
1004 636 1247 719 putas?
1297 637 1469 702 servi
1513 644 1585 702 ut
1627 643 1906 718 taceant,
1955 638 2242 703 iumenta
2287 639 2631 721 loquentur

812 753 878 812 et
920 749 1103 813 canis
1148 754 1214 812 et
1256 754 1476 831 postes
1522 757 1588 813 et
1628 767 1969 813 marmora.
2062 749 2297 815 claude
2343 748 2686 830 fenestrae,

648 866 764 920 105
810 858 963 923 vela
1005 865 1231 941 tegant
1272 860 1489 941 rimas,
1535 860 1734 942 iunge
1778 861 1961 940 ostia,
2007 860 2215 925 tollite
2257 861 2494 942 lumen,

812 988 847 1034 0
892 968 1105 1034 medio
1152 970 1257 1035 fac
1300 978 1454 1036 eant
1497 989 1737 1051 omnes,
1786 989 1988 1053 prope
2030 991 2222 1037 nemo
2266 971 2625 1037 recumbat:

812 1078 984 1161 quod
1029 1089 1249 1146 tamen
1294 1080 1380 1146 ad
1423 1090 1684 1147 cantum
1728 1082 1891 1165 galli
1935 1080 2092 1148 facit
2143 1083 2255 1147 ille
2302 1081 2592 1161 secundi,

810 1191 1141 1273 proximus
1187 1199 1339 1257 ante
1383 1191 1557 1258 diem
1603 1212 1812 1276 caupo
1856 1194 2038 1274 sciet,
2088 1192 2310 1258 audiet
2355 1199 2422 1258 et
2463 1210 2633 1274 quae

810 1303 1134 1368 finxerunt
1176 1304 1423 1387 pariter
1465 1304 1742 1369 libarius
1788 1304 2206 1386 archimagiri

645 1420 762 1475 110
810 1420 1160 1496 carptores.
1252 1414 1426 1496 quod
1471 1415 1640 1480 enim
1689 1414 1988 1480 dubitant
2031 1430 2418 1498 componere
2462 1413 2709 1477 crimen

692 1598 707 1612 ⁸
808 1524 874 1587 in
919 1522 1231 1604 dominos,
1281 1526 1578 1608 quotiens
1623 1526 1984 1590 rumoribus
2031 1525 2428 1588 ulciscuntur

808 1634 1079 1700 baltea?
1131 1655 1251 1701 nec
1295 1635 1464 1701 derit
1508 1638 1617 1718 qui
1661 1646 1728 1701 te
1772 1654 1891 1717 per
1936 1635 2214 1717 compita
2259 1641 2531 1716 quaerat

809 1746 1135 1812 nolentem
1182 1755 1246 1812 et
1289 1749 1590 1811 miseram
1635 1748 1903 1811 vinosus
1946 1743 2227 1811 inebriet
2272 1765 2513 1810 aurem.

853 1901 962 1950 106.
1035 1898 1126 1953 fac
1163 1903 1311 1965 eant]
1357 1899 1480 1954 face
1528 1905 1660 1954 eant
1700 1901 1895 1967 Haupt
1943 1905 2173 1954 taceant
2212 1900 2264 1952 P
2292 1900 2388 1952 sed
2421 1898 2476 1951 in
2512 1898 2752 1969 maryitze
2788 1900 2902 1954 cla·

635 1989 787 2038 ment
826 1984 923 2048 (sic
947 1989 1011 2046 m)
1049 1990 1101 2037 et
1134 2003 1303 2054 supra
1339 2004 1544 2038 versum
1577 1986 1780 2054 ylo-ssa.-
1818 1993 2024 2040 sonent
2057 1999 2129 2039 110
2167 1991 2446 2041 secretum
2482 1999 2666 2040 meum
2703 1986 2900 2039 audia-

636 2075 725 2124 tur
762 2067 900 2124 foris
938 2070 1064 2137 (vgl.
1102 2069 1250 2124 Einl.
1291 2070 1344 2125 S.
1373 2075 1471 2134 94).

845 2157 954 2206 109.
1026 2155 1264 2210 libarius
1315 2155 1691 2227 OHirsclzseld
1732 2156 1999 2212 librarius
2049 2159 2140 2210 Ρω
2196 2159 2380 2226 ‘ylo-ssa
2424 2156 2482 2210 in
2530 2158 2609 2210 P:
2657 2157 2755 2226 qni
2800 2172 2900 2225 per

633 2238 831 2292 libram
868 2239 1145 2306 appendit
1181 2256 1414 2304 carnem,
1458 2240 1524 2295 cf.
1554 2247 1600 2306 3,
1633 2244 1727 2293 187
1768 2242 1933 2296 libris
1962 2260 2069 2311 pro
2105 2242 2240 2298 libis
2278 2241 2335 2294 in
2374 2243 2440 2300 P.

843 2362 956 2410 102.
1029 2358 1197 2427 Verg.
1218 2360 1340 2413 Ecl.
1363 2361 1484 2422 2,69
1521 2377 1555 2414 a
1573 2360 1855 2430 Corydon,
1876 2360 2157 2431 Corydon,
2180 2377 2325 2430 qnae
2346 2367 2401 2415 te
2422 2360 2707 2415 dementia
2727 2359 2897 2428 cepit.

843 2446 953 2495 109.
1025 2443 1222 2512 Apoll.
1251 2445 1443 2499 Sidon.
1468 2446 1611 2514 Epp.
1637 2446 1697 2500 II
1724 2450 1771 2513 9,
1799 2449 1830 2498 6
1875 2448 2249 2516 archimagiro
2285 2475 2355 2485 —
2389 2446 2591 2514 paucis
2638 2445 2895 2513 paropsi-

633 2527 800 2583 dibus
838 2532 923 2592 (zu
960 2531 1007 2593 3,
1040 2532 1167 2582 142³.

779 2652 935 2703 1110.
1011 2649 1163 2704 Serv.
1189 2650 1356 2720 Verg.
1385 2651 1453 2706 A.
1479 2653 1532 2707 X
1558 2655 1656 2705 494
1688 2656 1968 2723 (quotiens
2004 2684 2073 2692 —
2107 2655 2335 2710 baltean

632 2768 1040 2823 Staatsalterth.
1079 2771 1106 2824 I
1142 2774 1256 2835 265,
1283 2776 1329 2823 6.
1392 2772 1557 2841 Diog.
1599 2777 1642 2839 1,
1681 2775 1713 2825 Β
1750 2777 2124 2846 στεγανώτερος
2169 2771 2584 2844 Ἀρειοπαγίτου;
2633 2773 2708 2828 id.
2748 2776 2795 2839 2,
2832 2776 2889 2825 91

629 2851 880 2924 ASonny
916 2855 1073 2910 Neue
1110 2856 1379 2925 Sprichw.
1419 2857 1632 2912 Archiv
1670 2858 1815 2913 VIII
1852 2862 1968 2911 455.

773 2941 883 2991 102.
958 2940 1076 2996 Das
1121 2941 1275 2997 Citat
1324 2959 1427 2998 ans
1462 2943 1660 3013 Vergil
1696 2946 1814 2999 Ecl.
1851 2947 1897 3007 2,
1937 2946 2002 2995 69
2047 2945 2245 3000 deutet
2288 2961 2385 3011 an,
2434 2944 2566 3001 dass
2613 2943 2899 3000 Naevolus

629 3025 787 3079 nicht
831 3027 921 3081 bei
970 3026 1184 3084 Sinnen
1231 3029 1340 3093 sei,
1395 3044 1559 3083 wenn
1608 3043 1670 3083 er
1717 3028 1940 3097 glaube,
1995 3030 2124 3084 dass
2179 3030 2280 3085 das
2333 3030 2686 3086 Geheimniss
2738 3030 2898 3085 eines

629 3110 884 3166 Reichen
923 3113 1238 3181 uberhaupt
1274 3114 1524 3169 bewahrt
1559 3116 1786 3170 werden
1823 3115 2025 3169 kenne.

773 3198 882 3247 104.
957 3216 1221 3251 marmor-a
1259 3200 1365 3254 wie
1408 3204 1449 3259 1,
1481 3201 1542 3251 12
1579 3201 1702 3255 11101
1737 3201 1847 3255 wol
1884 3200 2342 3255 Marmorwiinde.

769 3284 881 3333 107.
954 3284 1027 3335 ad
1058 3288 1270 3337 cantum
1302 3284 1438 3355 qauz·
1470 3314 1538 3324 —
1570 3287 1802 3338 secundi.
1863 3285 2042 3341 Amm.
2069 3287 2237 3340 Marc.
2264 3286 2431 3341 XVII
2463 3289 2542 3343 14,
2568 3290 2598 3337 4
2625 3287 2894 3341 secundis

627 3365 954 3434 gallicinii&

770 3453 882 3502 109.
945 3452 1162 3519 pariter
1197 3455 1306 3509 wie
1343 3458 1389 3511 6,
1419 3458 1482 3506 20
1512 3452 1828 3525 ‘zugleich’.

766 3535 993 3588 marim
1027 3537 1148 3592 hier
1184 3538 1277 3593 ein
1316 3540 1539 3607 Sklave,
1577 3541 1671 3596 bei
1710 3542 1837 3597 Sen.
1871 3543 2013 3611 Epp.
2051 3544 2132 3609 56,
2160 3546 2188 3594 2
2227 3541 2518 3596 vielleicht
2554 3542 2649 3596 ein
2685 3542 2894 3597 Freier.

626 3620 762 3674 CIL.
785 3620 866 3675 IV
896 3623 1027 3672 1763
1064 3621 1977 3693 VERECVNNVSJLIBARIVS
2016 3642 2121 3683 mc
2158 3644 2238 3682 cc.

767 3704 1127 3775 archimaqiri.
1178 3705 1350 3763 Orelli
1375 3711 1547 3765 Inscr.
1574 3715 1707 3764 6302
1743 3712 1805 3766 Τ.
1833 3712 2036 3768 Αο11110
2060 3712 2207 3782 Aug.
2235 3713 2331 3769 lib.
2358 3713 2688 3768 Primitivus
2714 3713 2894 3767 archi·

627 3791 890 3858 magirns.
944 3789 1135 3859 Apoll.
1156 3791 1349 3848 Sidon.
1370 3796 1512 3865 Epp.
1540 3796 1599 3851 H
1625 3799 1673 3863 9,
1702 3799 1732 3848 6
1770 3798 1933 3852 oben.
1994 3798 2223 3853 Hieron.
2251 3798 2475 3864 Quaest.
2504 3798 2652 3853 hebr.
2682 3799 2742 3852 in
2767 3813 2893 3866 gen.

627 3891 673 3930 c.
702 3878 766 3927 37
805 3891 856 3930 v.
885 3878 963 3929 36.

769 3964 880 4014 110.
954 3968 1252 4033 carptores,
1303 3966 1484 4021 soviel
1530 3968 1614 4022 als
1661 3969 1932 4024 scissores
1968 3969 2074 4023 Prl.
2118 3972 2231 4021 146.
2294 3967 2539 4038 Carpere
2586 3964 2894 4037 ‘zerlegen',

627 4064 694 4102 zu
730 4048 887 4104 Mart.
917 4050 1006 4103 III
1049 4054 1124 4116 13,
1161 4054 1201 4103 1.
1272 4050 1388 4105 Der
1431 4051 1850 4109 Vorschneider
1896 4054 1998 4109 des
2041 4054 2386 4109 Trimalchio
2434 4053 2615 4109 heisst
2659 4052 2893 4121 Carpus,

625 4133 848 4188 Petron.
876 4136 956 4187 36.
996 4135 1055 4190 C.
1081 4135 1250 4191 Trim.
1279 4139 1378 4189 216
1405 4136 1467 4191 sf.

768 4221 882 4272 112.
954 4222 1125 4275 baltea
1143 4222 1383 4291 Schl‘aige
1408 4223 1511 4277 mit
1535 4223 1661 4278 dem
1685 4230 1825 4280 statt
1847 4225 2004 4279 eines
2030 4224 2207 4280 lorum
2226 4224 2609 4293 gebrauchten
2628 4222 2893 4280 ledernen

627 4304 840 4359 Gilrtel.
