3334 5075
620 375 745 438 478
1438 369 1731 427 Iuvenalis
1765 376 2082 427 saturarum

796 542 1097 610 attendas
1144 549 1456 625 quantum
1501 542 1584 610 (10
1624 543 1883 626 legibus
1926 543 2071 626 ipse
2115 549 2425 625 queratur

791 656 1070 722 fatorum
1117 660 1184 721 et
1225 656 1428 721 nimio
1474 653 1557 721 de
1602 657 1905 737 stamine,
1951 674 2096 720 cum
2140 654 2321 721 videt
2362 656 2536 720 acris

793 767 1124 833 Antilochi
1167 765 1439 833 barbam
1484 766 1842 848 ardentem,
1891 784 2032 831 cum
2081 766 2337 848 quaerit
2380 765 2464 831 ab
2510 767 2684 831 omni

793 879 1089 962 quisquis
1132 877 1324 944 adest
1369 877 1600 958 socius,
1650 896 1765 942 eur
1810 875 1976 942 haec
2020 878 2088 940 in
2132 884 2427 960 tempora
2470 875 2678 960 duret,
2765 841 2884 1000 s

625 998 745 1054 255
797 990 971 1073 quod
1016 990 1271 1055 facinus
1317 988 1587 1072 dignum
1632 994 1766 1053 tam
1809 989 2004 1071 longo
2049 987 2391 1054 admiserit
2433 1006 2615 1054 aevo.

797 1102 961 1168 haec
1006 1099 1236 1167 eadem
1279 1101 1514 1166 Peleus
1559 1106 1818 1184 raptum
1862 1118 2008 1165 eum
2053 1099 2237 1183 luget
2277 1098 2595 1181 Achillen,

797 1221 996 1295 atque
1041 1213 1211 1277 alius
1257 1212 1360 1276 cui
1406 1211 1508 1277 fas
1552 1210 1849 1277 Ithacum
1891 1211 2119 1294 lugere
2162 1215 2514 1276 natantem.

797 1324 1103 1390 incolumi
1148 1324 1347 1388 Troia
1390 1324 1692 1388 Priamus
1735 1322 2029 1388 venisset
2073 1320 2160 1386 ad
2203 1322 2465 1387 umbras

798 1436 1104 1501 Assaraci
1149 1437 1408 1519 magnis
1452 1433 1873 1499 sollemnibus
1917 1432 2197 1499 Hectore
2242 1432 2439 1497 funus

630 1553 753 1612 260
799 1553 1101 1632 portante
1145 1567 1223 1612 ac
1267 1546 1538 1627 reliquis
1583 1545 1857 1611 fratrum
1903 1543 2264 1609 cervicibus
2306 1544 2478 1608 inter

800 1658 1083 1738 Iliadum
1127 1658 1448 1737 lacrimas,
1497 1662 1570 1720 ut
1614 1656 1859 1740 primos
1904 1653 2103 1720 edere
2144 1656 2445 1739 planctus

802 1768 1175 1836 Cassandra
1217 1769 1534 1852 inciperet
1577 1768 1914 1848 scissaque
1958 1766 2298 1850 Polyxena
2341 1764 2536 1848 palla,

805 1882 862 1948 si
906 1881 1072 1947 foret
1116 1880 1440 1946 extinctus
1484 1878 1744 1944 diverso
1787 1885 2094 1961 tempore,
2143 1896 2269 1959 quo
2315 1896 2443 1942 11011

840 2089 1026 2142 25800.
1099 2083 1217 2140 Cic.
1241 2083 1410 2140 Tusc.
1438 2083 1466 2137 I
1492 2086 1556 2136 85
1595 2087 1786 2138 unten.
1859 2082 2028 2152 Verg.
2055 2080 2124 2137 A.
2151 2081 2237 2137 VI
2261 2083 2364 2134 404
2399 2081 2571 2137 Erebi
2610 2080 2907 2137 descendit

633 2174 708 2227 ad
743 2172 985 2227 umbras.

771 2360 889 2410 255.
963 2356 1119 2412 Serv.
1143 2356 1315 2426 Verg.
1340 2356 1409 2412 A.
1439 2358 1523 2412 IX
1548 2360 1666 2410 497.

772 2549 890 2600 257.
961 2546 1115 2600 azius.
1190 2548 1270 2601 Zu
1311 2551 1355 2613 1,
1385 2551 1465 2600 10.

759 2636 865 2704 sae
900 2632 1082 2688 soviel
1109 2631 1191 2689 als
1216 2632 1408 2689 fatum.
1446 2633 1717 2688 Meiuertz
1731 2631 1958 2687 Vindic.
1975 2630 2226 2686 Iuvenal.
2252 2647 2306 2700 p.
2323 2632 2402 2683 22.
2441 2626 2740 2698 Vergil.A.
2763 2628 2910 2681 1206

636 2717 759 2773 11110
801 2716 887 2775 fas
932 2734 1110 2787 regna
1155 2734 1449 2788 resurgere
1496 2719 1706 2774 Troiae
1741 2717 1810 2773 A.
1849 2718 1966 2773 XII
1992 2720 2055 2770 27
2102 2732 2190 2772 me
2233 2723 2423 2772 natam
2466 2714 2609 2770 nulli
2657 2718 2912 2769 veterum

635 2804 855 2859 sociare
881 2820 1180 2874 procorum
1215 2806 1325 2860 Fas
1364 2810 1500 2871 erat,
1539 2805 1712 2874 idque
1738 2820 1934 2860 omues
1958 2804 2193 2872 divique
2216 2802 2587 2870 hominesque
2614 2800 2910 2855 canebant.

633 2890 784 2945 Pers.
818 2893 861 2955 1,
889 2893 948 2942 61
992 2907 1096 2947 vos
1121 2906 1155 2945 0
1181 2892 1460 2958 patricius
1488 2891 1739 2959 sanguis,
1777 2906 1921 2959 quos
1957 2889 2152 2944 vivere
2188 2886 2275 2943 fas
2312 2892 2401 2942 est
2435 2886 2684 2955 Occipiti
2722 2900 2912 2941 caeco.

775 2977 1026 3030 Ithacum
1074 2977 1184 3032 wie
1233 2978 1311 3043 14,
1350 2979 1450 3028 287
1496 2977 1616 3032 und
1670 2978 1748 3041 15,
1775 2978 1855 3027 26.
1926 2975 2008 3030 Zu
2045 2976 2236 3041 2,106.
2291 2970 2768 3041 Verg.A.11104
2805 2970 2915 3025 1100

636 3061 869 3117 Ithacus
904 3061 1060 3117 velit.
1098 3063 1313 3130 Prop.1
1354 3064 1433 3129 15,
1459 3066 1490 3115 9
1528 3062 1713 3117 Ithaci
1751 3062 2011 3130 digressu
2044 3066 2200 3115 mota
2235 3059 2499 3128 Calypso.

777 3148 1066 3199 258-271.
1140 3148 1278 3202 Hier
1313 3147 1598 3203 schwebte
1633 3146 1881 3203 Juvenal
1926 3147 2021 3201 die
2058 3144 2233 3201 Stelle
2268 3143 2386 3198 Cic.
2420 3144 2587 3199 Tusc.
2615 3143 2644 3197 Ι
2682 3144 2747 3194 65
2783 3156 2911 3197 vor:

636 3232 923 3288 Metellum
960 3233 1110 3288 euim
1145 3231 1309 3285 multi
1347 3232 1451 3286 filii
1488 3231 1655 3299 filiae,
1693 3239 1932 3302 nepotes
1966 3239 2168 3302 neptes
2202 3231 2265 3285 in
2300 3245 2499 3299 rogum
2524 3229 2914 3298 inposuerunt,

637 3319 923 3374 Priamum
958 3323 1119 3373 tauta
1153 3318 1428 3388 progenie
1464 3317 1739 3382 orbatum,
1785 3334 1911 3372 eum
1949 3319 2010 3372 in
2056 3333 2208 3372 aram
2258 3314 2639 3383 confugisset,
2689 3313 2917 3368 hostilis

639 3420 837 3459 manus
875 3404 1174 3459 interemit.
1211 3403 1307 3457 hic
1342 3404 1392 3459 si
1436 3403 1586 3458 vivis
1629 3401 1765 3457 filiis
1802 3402 2070 3457 incolumi
2102 3417 2278 3470 reguo
2303 3401 2615 3456 occidisset
2637 3427 2706 3436 —
2730 3404 2917 3453 utrum

640 3489 868 3544 taudem
913 3505 948 3543 a
990 3489 1159 3545 bonis
1205 3505 1277 3543 an
1322 3505 1357 3543 a
1402 3489 1568 3545 malis
1611 3487 2011 3544 discessisset?
2069 3493 2188 3542 tum
2242 3484 2500 3555 profecto
2548 3484 2838 3539 videretur
2885 3499 2919 3537 a

639 3575 822 3630 bouis.
869 3580 931 3629 at
966 3581 1119 3629 certe
1156 3574 1211 3629 ei
1245 3574 1448 3629 melius
1487 3574 1775 3630 evenisset
1808 3590 1913 3629 1100
1949 3580 2064 3629 tam
2099 3571 2367 3628 flebiliter
2404 3570 2505 3625 illa
2552 3573 2916 3624 canerentur:

640 3659 802 3714 ‘haec
850 3660 1041 3713 omnia
1083 3659 1206 3715 vidi
1254 3659 1604 3729 inflammari,
1655 3661 1882 3715 Priamo
1926 3660 1988 3714 vi
2032 3658 2211 3713 vitam
2264 3656 2498 3718 evitari,
2553 3654 2714 3709 Iovis
2769 3668 2921 3708 aram

644 3745 924 3813 sanguine
978 3742 1227 3814 turpari’.
1300 3747 1456 3815 quod
1500 3748 1548 3802 si
1596 3751 1727 3802 ante
1775 3744 2112 3810 occidisset,
2160 3741 2332 3797 talem
2380 3744 2646 3796 eventum
2691 3738 2920 3793 omniuo

644 3831 951 3886 amisisset:
989 3830 1098 3887 hoc
1136 3836 1326 3888 autem
1360 3838 1613 3901 tempore
1650 3846 1877 3887 sensum
1914 3829 2105 3884 amisit
2137 3828 2426 3882 malorum.

785 3918 901 3970 259.
975 3920 1294 3984 Assaracus,
1333 3917 1488 3973 Sohn
1525 3918 1626 3973 des
1660 3916 1820 3982 Tros,
1856 3915 2074 3970 Bruder
2111 3914 2212 3969 des
2249 3913 2383 3979 Ilos,
2421 3912 2521 3966 des
2557 3909 2924 3965 Grossvaters

646 4004 749 4059 des
782 4002 1055 4059 Priamus.
1123 4004 1241 4059 Der
1277 4003 1418 4059 Siun
1456 4004 1557 4060 ist:
1594 4004 1701 4059 mit
1736 4004 1893 4058 einer
1927 3998 2296 4055 Todtenfeier
2330 3998 2441 4052 wie
2478 3997 2578 4051 der
2613 3995 2715 4050 des
2748 3992 2924 4048 Assa-

644 4105 828 4146 racus.

772 4179 957 4247 sunus
995 4177 1270 4231 Portante.
1341 4177 1536 4233 Funus
1579 4175 1817 4242 Leiche,
1852 4174 1963 4228 wie
2009 4172 2174 4240 Prop.
2211 4170 2241 4224 I
2282 4171 2361 4236 17,
2396 4170 2427 4220 8
2462 4166 2701 4222 haecine
2749 4179 2927 4233 parva

646 4277 830 4317 meum
864 4260 1035 4319 funus
1071 4279 1244 4319 arena
1283 4265 1485 4332 teget?
1545 4262 1714 4331 Verg.
1741 4260 1811 4316 A.
1837 4260 1923 4315 IX
1951 4260 2046 4311 491
2098 4255 2269 4311 funus
2310 4255 2575 4310 lacerum.
2646 4251 2814 4319 Prop.
2843 4247 2927 4303 IV

649 4352 733 4419 (V)
775 4351 854 4415 11,
882 4350 912 4401 3
951 4366 1079 4405 011111
1116 4350 1289 4407 semel
1325 4346 1574 4405 infernas
1611 4349 1895 4403 intrarunt
1928 4343 2130 4400 funera
2162 4342 2337 4412 leges.
