3334 5075
1096 369 1264 456 Liber
1300 402 1527 470 primus.
1601 401 1806 458 Satura
1840 401 1908 456 V.
2518 402 2640 465 277

542 589 692 654 spes
737 571 908 638 bene
956 573 1234 638 cenandi
1282 591 1398 637 vos
1445 572 1702 656 decipit.
1793 568 1970 638 ‘ecee
2016 571 2198 638 dabit
2240 572 2370 636 iam

543 702 864 749 semesum
909 684 1193 768 leporem
1242 692 1436 767 atque
1483 686 1738 767 aliquid
1782 685 1864 750 de
1910 685 2209 750 clunibus
2256 685 2414 767 apri,

544 794 629 860 ad
674 814 796 860 nos
839 798 972 861 iam
1018 797 1239 862 veniet
1281 798 1490 862 minor
1536 789 1782 862 altilis.²
1869 795 2024 861 inde
2068 804 2298 879 parato

540 907 911 991 intactoque
958 927 1180 974 omnes
1228 914 1294 974 et
1337 910 1557 974 stricto
1602 928 1772 991 pane
1817 910 2068 975 tacetis.

380 1025 498 1081 170
544 1018 656 1084 ille
701 1020 876 1103 sapit
920 1020 1031 1102 qui
1075 1027 1141 1086 te
1187 1021 1283 1085 sie
1328 1020 1548 1085 utitur.
1638 1022 1857 1085 omnia
1904 1020 2073 1085 ferre

544 1128 600 1194 si
645 1138 848 1214 potes,
899 1138 965 1197 et
1009 1130 1231 1197 debes.
1324 1131 1717 1215 pulsandum
1762 1133 2008 1198 vertice
2050 1149 2200 1197 raso

541 1242 889 1324 praebebis
935 1241 1326 1324 quandoque
1373 1249 1570 1326 eaput
1615 1262 1739 1309 nee
1784 1242 1952 1308 dura
1995 1242 2255 1309 timebis

542 1351 750 1437 flagra
793 1354 950 1438 pati,
1000 1354 1102 1419 his
1150 1353 1364 1437 epulis
1411 1359 1477 1420 et
1521 1354 1638 1419 tali
1687 1354 1924 1438 dignus
1970 1355 2196 1420 amieo.

579 1509 692 1560 169.
766 1508 969 1564 tacetis
1005 1509 1062 1562 P
1079 1511 1327 1579 fortasse
1361 1513 1503 1563 recto
1535 1509 1709 1570 (Beer
1734 1512 1913 1577 1267)
1950 1508 2045 1562 vel
2083 1509 2290 1564 tacetis
2325 1525 2523 1579 mar-90.

510 1645 622 1695 168.
664 1646 778 1697 169.
852 1644 919 1699 Iu
956 1645 1057 1700 der
1076 1645 1417 1714 Erwartung
1452 1646 1552 1701 des
1575 1647 1816 1701 Bratens
1841 1645 2034 1701 halten
2059 1646 2144 1701 sie
2170 1646 2271 1700 das
2296 1644 2641 1700 unberiihrte

367 1730 506 1784 Brot
549 1729 756 1797 bereit‚
802 1731 911 1786 wie
960 1731 1060 1785 der
1097 1730 1299 1786 Soldat
1334 1731 1435 1787 das
1472 1745 1761 1801 gezogene
1797 1731 2049 1786 Schwert
2083 1747 2208 1786 zum
2243 1729 2465 1798 Kampf.
2539 1729 2637 1784 Ovt

366 1814 491 1869 Am.
519 1816 545 1869 I
572 1817 619 1880 6,
651 1818 713 1869 14
749 1834 864 1872 non
900 1816 1075 1871 timeo
1114 1817 1343 1872 strictas
1380 1818 1440 1871 in
1476 1833 1601 1873 mea
1635 1816 1756 1871 fata
1790 1832 2003 1871 manus.

508 1903 620 1953 171.
652 1905 763 1956 172.
804 1903 1131 1972 pulsandum
1154 1901 1349 1956 venie-e
1370 1921 1494 1956 raso
1515 1901 1801 1956 Praebobis
1824 1901 2136 1972 quandoque
2158 1906 2333 1971 caput.
2373 1900 2639 1967 Quando-

367 2003 477 2056 que
520 2004 591 2042 zu
628 1991 675 2055 2,
701 1991 783 2041 82.
856 1987 1054 2043 Gleieh
1099 1989 1224 2043 dem
1270 1988 1536 2057 stupidus
1581 1987 1720 2043 oder
1762 1989 2074 2057 parasitus,
2129 1988 2285 2043 einer
2328 1986 2639 2042 stehenden

368 2072 535 2128 Rolle
584 2074 658 2128 im
702 2074 932 2138 mimus,
979 2074 1079 2129 der
1126 2075 1229 2128 mit
1276 2073 1408 2128 kahl
1454 2074 1855 2142 geschorenem
1892 2072 2054 2144 Kopf
2095 2072 2308 2128 anstrat
2349 2071 2466 2126 und
2501 2070 2638 2125 fort-

366 2157 631 2214 wiihrend
667 2159 968 2228 geprugelt
1004 2160 1210 2213 warde.
1261 2158 1389 2226 Vgl.
1418 2161 1465 2222 8,
1497 2162 1591 2210 192
1618 2176 1671 2214 u.
1700 2159 1833 2214 StV.
1862 2159 1949 2213 III
1979 2161 2093 2225 550,
2120 2163 2168 2210 4.
2226 2159 2330 2214 SG.
2361 2158 2416 2211 II
2443 2159 2560 2216 438,
2589 2159 2634 2206 3.
