3334 5075
1161 370 1330 427 Liber
1365 376 1616 439 quartus.
1689 369 1895 455 Satura
1928 371 1997 426 X·
2587 376 2713 438 475

617 542 933 610 canities?
984 540 1145 624 quid
1186 540 1361 625 quod
1404 543 1634 607 merito
1680 548 1984 625 suspecta
2027 541 2231 607 libido
2278 549 2377 608 est

615 674 785 737 quae
829 673 1138 721 venerem
1182 651 1468 719 adfectat
1512 654 1654 718 sine
1699 651 1991 719 viribus?
2039 655 2262 735 aspice
2307 655 2513 738 partis

445 772 568 829 210
614 784 785 831 nunc
829 765 1135 832 damnum
1179 765 1468 830 alterius.
1558 783 1711 829 nam
1755 783 1926 846 quae
1970 771 2274 831 cantante
2318 765 2639 848 voluptas,

613 877 701 942 sit
743 876 899 941 licet
941 876 1238 956 eximius,
1287 874 1661 941 citharoedo
1708 876 1850 939 sive
1895 873 2172 942 Seleuco

614 993 679 1052 et
723 985 961 1070 quibus
1006 993 1238 1053 aurata
1282 1005 1422 1051 mos
1468 992 1569 1051 est
1612 984 1869 1070 fulgere
1912 986 2224 1052 lacerna?

438 1133 534 1163 ..ν
613 1096 773 1180 quid
816 1097 1033 1178 refert,
1079 1098 1300 1180 magni
1345 1096 1573 1162 sedeat
1616 1116 1748 1179 qua
1792 1102 1976 1179 parte
2018 1096 2258 1163 theatri

615 1208 725 1290 qui
769 1210 880 1274 vix
924 1208 1284 1274 cornicines
1328 1205 1637 1273 exaudiet
1679 1212 1877 1291 atque
1919 1208 2221 1273 tubarum

443 1324 565 1381 215
614 1319 1014 1385 concentus?
1063 1318 1345 1384 clamore
1391 1336 1554 1403 opus
1600 1325 1718 1401 est,
1765 1324 1840 1382 ut
1882 1319 2123 1384 sentiat
2168 1321 2348 1385 auris

613 1449 806 1512 quem
850 1430 1026 1496 dicat
1067 1430 1328 1497 venisse
1371 1449 1552 1514 puer,
1602 1435 1760 1511 quot
1803 1431 2060 1496 nuntiet
2103 1429 2316 1496 horas.

612 1548 954 1623 praeterea
996 1541 1298 1606 minimus
1340 1540 1561 1624 gelido
1606 1540 1740 1605 iam
1782 1542 1851 1604 in
1896 1560 2164 1624 corpore
2209 1543 2481 1626 sanguis

611 1650 795 1718 febre
840 1654 1012 1718 calet
1054 1654 1209 1735 sola,
1257 1652 1635 1717 circumsilit
1679 1653 1940 1736 agmine
1977 1635 2156 1717 'facto

610 1764 979 1829 morborum
1023 1782 1211 1829 omne
1255 1782 1480 1847 genus,
1531 1781 1803 1844 quorum
1847 1764 1905 1826 si
1950 1764 2216 1828 nomina
2261 1782 2559 1846 quaeras,

443 1879 566 1936 220
613 1876 971 1958 promptius
1019 1874 1368 1959 expediam
1410 1881 1568 1957 quot
1611 1874 1932 1939 amaverit
1976 1871 2192 1958 Oppia
2234 1874 2557 1956 moechos,

613 1992 770 2067 quot
813 1984 1166 2052 Themison
1210 2003 1444 2069 aegros
1487 1991 1798 2051 autumno
1844 1982 2154 2050 occiderit
2198 2005 2344 2068 uno,

611 2103 767 2179 quot
809 2096 1071 2162 Basilus
1115 2099 1342 2178 socios,
1393 2103 1549 2178 quot
1592 2096 2169 2180 circumscripserit
2213 2096 2447 2162 Hirrus

649 2285 765 2335 211.
839 2284 1162 2339 citharedus
1193 2302 1279 2355 pm
1315 2285 1464 2340 sitve
1501 2303 1544 2335 ω
1579 2283 1842 2339 seleucus
1867 2302 1973 2353 pm.
2040 2303 2045 2308 ·

646 2455 763 2505 218.
835 2454 1006 2524 Verg.
1033 2454 1103 2510 A.
1130 2456 1159 2510 I
1187 2457 1250 2508 82
1301 2471 1370 2510 ac
1415 2455 1574 2510 venti
1621 2455 1783 2510 velut
1829 2455 2056 2523 agmine
2107 2452 2260 2510 facto
2304 2483 2373 2493 —
2409 2452 2534 2518 Qua
2578 2453 2717 2510 data

440 2543 607 2607 porta
639 2546 827 2594 ruunt.

579 2710 696 2761 211.
767 2709 879 2762 sive
917 2711 1145 2763 Seleuco.
1219 2709 1575 2766 Unbekannt.
1648 2710 1766 2765 Der
1803 2710 2149 2785 (aller-(linge
2177 2712 2425 2765 {iusserst
2471 2709 2713 2779 hiiufige)

439 2793 614 2849 Name
662 2794 886 2849 scheint
930 2795 991 2849 in
1038 2795 1165 2850 dem
1211 2811 1327 2850 von
1369 2796 1651 2851 Bucheler
1698 2794 2075 2863 angefflhrten
2117 2795 2443 2864 Epigramm
2478 2793 2710 2850 Anthol.

438 2878 616 2933 Palat„
642 2878 726 2933 VI
756 2883 840 2932 10:
882 2877 1126 2949 Φοιβειᾶν
1160 2879 1332 2953 Ἰαχᾶν
1369 2880 1721 2951 φθεγγομένου
1761 2881 2012 2948 στόματος
2049 2880 2150 2935 der
2185 2881 2342 2935 eines
2368 2880 2713 2935 Citharliden

440 2963 577 3018 oder
613 2963 856 3033 Siingers
892 2982 962 3020 zu
997 2965 1137 3021 sein.

577 3052 694 3102 212.
766 3055 962 3104 aurata
996 3081 1064 3089 —
1099 3053 1327 3105 lacerna.
1388 3050 1675 3107 Hiernach
1709 3051 1932 3106 scheint
1967 3065 2040 3104 an
2077 3049 2170 3104 die
2196 3049 2370 3105 Stelle
2408 3050 2508 3104 der
2541 3049 2710 3118 palla,

440 3134 502 3189 in
537 3134 635 3189 der
673 3135 767 3190 die
791 3133 1137 3191 Citharoden
1172 3135 1362 3191 friiher
1398 3136 1727 3192 erschienen
1753 3134 1863 3201 (Ad
1888 3136 2128 3242 Herenn.
2157 3134 2242 3189 IV
2267 3136 2366 3199 60),
2403 3137 2594 3203 spiiter
2617 3135 2713 3189 dic

439 3218 667 3275 lacerna
700 3226 961 3289 getreten
997 3223 1068 3276 zu
1104 3222 1243 3277 sein.

578 3307 693 3358 214.
763 3305 949 3363 Ueber
983 3322 1180 3377 grosse
1215 3307 1377 3362 Tutti
1413 3322 1527 3361 von
1561 3305 2107 3361 Blasinstrumenten
2143 3305 2235 3360 bei
2271 3303 2712 3360 musikalischen

438 3389 874 3459 Aufflihrungen
900 3392 1005 3448 ΒΘ.
1034 3391 1123 3447 111
1148 3395 1263 3443 349.

577 3478 693 3529 216.
765 3478 924 3531 Mart.
950 3477 1095 3532 VIII
1122 3479 1203 3543 67,
1234 3480 1255 3528 1
1297 3476 1466 3532 horas
1502 3477 1754 3545 quinque
1788 3491 1930 3544 puer
1966 3477 2215 3531 nondum
2251 3476 2360 3532 tibi
2397 3477 2638 3531 nuntiat.

581 3563 697 3614 218.
758 3563 923 3630 sobre
960 3564 1094 3616 calet
1126 3564 1253 3615 sola.
1320 3562 1480 3616 Mart.
1508 3561 1598 3616 III
1622 3563 1708 3629 93,
1737 3564 1798 3613 17
1830 3561 2083 3630 regolare
2114 3578 2221 3617 nec
2258 3568 2315 3617 te
2349 3562 2713 3630 pestilenties

438 3646 638 3715 possit.

573 3729 783 3800 aymino
804 3734 967 3802 sacto
1003 3754 1068 3780 ===
1107 3734 1154 3799 3,
1186 3735 1298 3785 162.

574 3817 691 3867 220.
764 3816 893 3885 vgl.
922 3819 1021 3869 322
1058 3818 1178 3873 und
1217 3820 1297 3883 14,
1324 3819 1544 3869 25—28.

574 3901 692 3952 221.
774 3901 1082 3956 Themison.-
1134 3904 1228 3957 ein
1264 3903 1479 3958 damals
1531 3902 1845 3959 bekannter
1890 3903 2058 3969 Atat,
2109 3904 2208 3959 der
2251 3905 2449 3961 seinen
2495 3904 2710 3959 Namen

436 3986 581 4039 nach
619 3987 803 4041 einem
838 3987 1169 4043 beriihmten
1207 3987 1535 4057 Vorgiinger
1571 3993 1716 4057 trug.
1766 3987 1871 4044 SG.
1899 3988 1959 4043 II
1985 3990 2100 4040 628.

574 4075 853 4124 autumo:
908 4073 993 4128 als
1034 4073 1134 4128 der
1170 4073 1296 4129 Zeit
1342 4074 1442 4128 der
1487 4074 1819 4142 blisartigen
1855 4073 2081 4140 Fieber‚
2129 4076 2178 4140 4,
2208 4076 2273 4126 65
2301 4089 2342 4128 s.
2381 4070 2603 4127 letifero
2639 4101 2705 4111 —

438 4160 724 4212 autumno.

575 4244 690 4295 222.
763 4243 1001 4297 Basilus.
1074 4244 1277 4300 Dieser
1314 4245 1740 4314 betriigerische
1777 4242 2243 4301 Gesch'aftsmann
2280 4245 2363 4300 als
2388 4260 2567 4300 armer
2588 4243 2708 4299 Ad·

435 4335 608 4383 vocat
645 4331 691 4395 7,
723 4331 1007 4397 145-147,
1044 4328 1174 4385 falls
1210 4346 1281 4385 an
1318 4331 1530 4386 beiden
1566 4329 1784 4386 Stellen
1821 4330 2078 4386 derselbe
2114 4332 2367 4399 gemeint
2400 4331 2491 4386 ist„
