3334 5075
1100 41 1268 98 Liber
1305 42 1551 111 quintus.
1625 41 1831 99 Satura
1865 41 2018 97 XIV.
2571 44 2693 106 565

433 226 555 284 225
601 207 952 285 mandavi”
995 215 1177 283 dices
1222 216 1376 284 olim
1418 209 1581 282 “nec
1624 215 1787 282 talia
1829 208 2069 282 suasi’'.

601 331 838 397 mentis
884 347 1084 396 causa
1124 330 1339 395 malae
1383 335 1603 395 tamen
1648 335 1748 394 est
1793 335 1858 394 et
1903 328 2083 413 erigo
2126 346 2329 413 penes
2371 336 2454 395 te.

601 463 751 510 nam
797 443 1091 526 quisquis
1134 442 1356 526 magui
1400 458 1633 506 census
1677 442 2012 526 praecepit
2054 461 2354 523 amorem,

604 563 668 622 et
711 556 901 622 laevo
944 555 1192 620 monitu
1236 573 1475 639 pueros
1520 552 1821 639 producit
1864 571 2116 635 avaros,

602 676 669 735 et
714 669 826 750 qui
870 686 991 752 per
1031 665 1299 733 fraudes
1341 667 1735 752 patrimonia
1777 665 2237 760 conduplicari,

435 788 557 847 230
604 780 718 848 dat
759 779 1127 846 libertatem
1173 786 1237 845 et
1281 785 1451 846 totas
1497 776 1775 845 effundit
1816 777 2109 845 habenas

604 894 940 976 curriculo,
989 912 1184 974 quem
1229 892 1285 957 si
1329 908 1615 973 revoces,
1665 890 2022 958 subsistere
2066 891 2275 958 nescit

604 1013 668 1073 et
710 1012 777 1071 te
822 1010 1184 1089 contempto
1228 1005 1479 1088 rapitur
1523 1005 1844 1087 metisque
1887 1004 2148 1071 relictis.

603 1138 789 1184 nemo
834 1116 996 1183 satis
1040 1116 1262 1199 credit,
1308 1122 1560 1183 tantum
1605 1115 1986 1202 delinquere
2030 1124 2341 1200 quantum

603 1231 970 1318 permittas3
1016 1228 1181 1296 adeo
1225 1227 1568 1314 indulgent
1610 1227 1739 1294 sibi
1782 1227 1979 1294 latius
2022 1230 2167 1313 ipsi.

435 1352 558 1408 235
606 1363 749 1409 cum
796 1342 960 1407 dicis
1001 1341 1225 1407 iuveni
1271 1339 1556 1422 stultum,
1606 1341 1719 1423 qui
1764 1338 1962 1407 donet
2003 1342 2228 1423 amice,

605 1456 715 1540 qui
760 1459 1210 1540 paupertatem
1255 1453 1434 1519 levet
1477 1451 1860 1534 attollatque
1902 1454 2268 1538 propinqui,

607 1576 671 1636 et
714 1567 1000 1653 spoliare
1046 1564 1240 1632 doces
1288 1573 1353 1632 et
1396 1564 1923 1631 circumscribere
1970 1573 2035 1633 et
2079 1567 2253 1632 omni

605 1680 873 1746 crimine
918 1679 1182 1746 divitias
1227 1676 1589 1764 adquirere,
1640 1697 1913 1761 quarum
1958 1698 2139 1744 amor
2180 1678 2251 1743 in
2294 1685 2361 1745 te

605 1798 887 1877 quantus
932 1798 1073 1858 erat
1114 1792 1368 1876 patriae
1412 1791 1759 1857 Deciorum
1804 1791 1872 1856 in
1917 1797 2197 1875 pectere,
2246 1798 2556 1875 quantum

639 2019 755 2069 229.
828 2034 925 2069 om.
965 2033 996 2077 ς
1031 2016 1350 2070 damnarant
1378 2014 1621 2085 Ruperti
1642 2014 1874 2085 quer
1898 2014 2166 2069 Heinrich
2188 2016 2349 2070 Jahn.
2397 2016 2698 2086 condupli-
2746 2061 2754 2067 .

435 2104 552 2159 cari
591 2106 685 2158 Ρω
708 2103 996 2158 Bitonem
1029 2106 1133 2174 (cf.
1162 2103 1308 2156 Mus.
1337 2103 1509 2156 Rhen.
1537 2102 1771 2156 XLIII
1790 2120 1851 2172 p.
1880 2108 2006 2165 296)
2039 2102 2443 2173 conduplicare
2481 2122 2525 2166 ς.

640 2314 755 2364 230.
827 2310 995 2382 Verg.
1022 2312 1091 2367 A.
1117 2311 1171 2367 V
1197 2313 1297 2364 818
1333 2310 1706 2380 manibusque
1742 2324 1936 2367 omnes
1972 2310 2215 2367 effundit
2249 2310 2512 2369 habenas.

573 2504 688 2557 228.
760 2504 908 2558 laevo
941 2502 1148 2557 monitu
1184 2501 1367 2559 soviel
1406 2501 1496 2557 als
1530 2500 1781 2556 sinistro.
1853 2498 2106 2570 Georges
2139 2500 2199 2557 ΙΙ
2224 2502 2270 2555 3.

574 2591 690 2642 229.
796 2590 1176 2660 conduplicari.
1250 2589 1368 2645 Das
1403 2586 1693 2656 Satzglied
1727 2585 1904 2655 hiiugt
1936 2602 2053 2641 von
2073 2590 2371 2658 praecepit
2393 2590 2481 2646 ab.
2535 2590 2700 2646 Prae-

436 2677 628 2746 cipere
662 2676 876 2746 regiert
909 2677 1004 2733 bei
1042 2676 1152 2732 deu
1187 2675 1415 2732 frtihem
1451 2671 1897 2732 Schriftstelleru
1933 2673 1993 2728 iu
2030 2674 2130 2730 der
2154 2675 2337 2745 Regel
2374 2677 2484 2733 den
2515 2675 2700 2733 Accu-

439 2764 588 2819 sativ
611 2765 716 2819 mit
740 2763 867 2820 dem
902 2762 1006 2818 Inf.
1032 2762 1265 2832 passivi.
1328 2762 1579 2834 Georges
1602 2763 1934 2833 praecipere
1967 2763 2015 2817 Β
2039 2776 2075 2816 a
2110 2762 2345 2832 (Drager
2369 2763 2512 2820 Hist.
2538 2762 2697 2833 synt.

436 2849 494 2904 11
521 2850 551 2900 2
579 2872 641 2895 =
668 2849 759 2905 111
784 2850 884 2902 388
919 2848 1179 2905 Paucker
1212 2848 1302 2904 De
1335 2849 1520 2905 Latin.
1558 2849 1749 2918 script.
1785 2849 1852 2904 H.
1879 2847 1948 2904 A.
1977 2849 2164 2905 molet.
2199 2865 2252 2918 p.
2282 2851 2381 2902 126
2399 2853 2506 2915 ss.).
2587 2850 2700 2906 Bii-

436 2935 621 2992 cheler
652 2936 857 2993 Bhein.
881 2936 1019 2991 Mus.
1046 2937 1238 2991 XLIII
1274 2934 1328 2993 S.
1355 2938 1471 2989 295.

575 3024 688 3075 230.
761 3022 878 3079 Der
912 3022 1192 3079 Nachsatz
1226 3022 1467 3092 beginnt
1500 3023 1604 3079 mit
1639 3023 1732 3077 dat
1768 3022 2079 3077 libertatem.

574 3110 688 3160 231.
769 3109 1061 3177 Garriado,
1083 3127 1236 3179 quem
1254 3109 1306 3163 si
1325 3128 1545 3165 revoces.
1594 3110 1928 3179 Allerdings
1950 3109 2028 3166 ist
2053 3109 2371 3165 curriculus
2398 3111 2502 3166 das
2520 3112 2699 3181 regel-

437 3196 646 3265 m'assig
655 3195 942 3264 gebildete
954 3196 1274 3252 Diminutiv
1284 3213 1398 3252 von
1411 3213 1623 3264 currus,
1639 3197 1841 3253 desscn
1853 3196 2044 3254 Genus
2057 3196 2179 3253 sich
2190 3196 2250 3250 iu
2261 3196 2371 3252 den
2378 3197 2701 3266 Beispielen

435 3283 602 3338 meist
623 3281 783 3337 nicht
805 3281 1092 3338 erkennen
1104 3282 1259 3349 lasst,
1279 3283 1382 3338 das
1401 3283 1535 3338 aber
1553 3283 1729 3338 durch
1742 3283 1962 3340 Neuius
1981 3281 2065 3337 IV
2080 3284 2143 3335 73
2158 3300 2212 3353 p.
2225 3283 2325 3335 263
2348 3283 2583 3340 Mercier
2596 3286 2698 3336 410

435 3367 682 3423 LMffller
706 3368 1058 3435 (curriculus,
1096 3375 1162 3424 ut
1184 3370 1539 3425 consuetudo
1564 3368 1674 3425 fert
1696 3398 1767 3409 —
1791 3370 1999 3426 dicitur
2034 3370 2429 3427 brevissimum
2452 3370 2701 3426 vehiculi

435 3453 608 3510 bireti
644 3458 839 3524 genus)
876 3453 1088 3511 Charis.
1115 3457 1143 3509 I
1176 3472 1230 3524 p.
1260 3458 1324 3508 59
1342 3455 1388 3510 P
1413 3478 1476 3501 =
1504 3454 1669 3512 GLK.
1691 3457 1719 3511 1
1746 3459 1808 3508 77
1838 3457 2166 3520 (81111ἰ8111118
2189 3456 2500 3512 masculine
2526 3456 2699 3512 demi—

436 3539 600 3597 nutio
637 3545 725 3596 est
754 3557 965 3609 currus,
1001 3543 1335 3598 neutraliter
1370 3549 1559 3598 autem
1595 3543 1936 3599 curriculum
1973 3543 2220 3614 spatium
2256 3543 2331 3598 ad
2365 3542 2700 3599 currendum

436 3634 629 3696 aptum
667 3626 762 3683 vel
802 3628 987 3697 ipsum
1024 3629 1286 3684 currendi
1322 3627 1586 3696 officium,
1627 3636 1691 3685 ut
1726 3628 1926 3686 Cicero
1963 3637 2021 3686 et
2042 3629 2226 3685 Varro
2261 3630 2543 3692 locuntur)
2582 3629 2699 3684 und

435 3712 598 3768 GLK.
626 3713 681 3768 V
707 3716 823 3780 576,
849 3716 878 3765 3
918 3713 1021 3779 (Β8
1047 3715 1236 3770 dubiis
1261 3715 1612 3772 nominibus:
1648 3731 1846 3772 81111118
1868 3715 2095 3786 generis
2130 3716 2434 3771 masculini
2472 3720 2531 3770 et
2566 3716 2697 3772 ideo

436 3798 773 3857 diminutive
811 3800 1145 3856 curriculus.
1205 3801 1347 3858 Nam
1371 3799 1571 3857 Cicero
1608 3800 1920 3857 curriculos
1956 3808 2016 3857 ct
2049 3801 2336 3857 curricula
2371 3801 2533 3866 dixit)
2570 3818 2697 3858 aus·

436 3885 734 3941 drflcklich
769 3887 1014 3956 bezeugt
1049 3887 1137 3943 ist.
1207 3887 1302 3942 An
1338 3887 1525 3945 dieser
1561 3887 1737 3945 Stellc
1771 3888 1871 3944 hat
1905 3888 2042 3945 aber
2075 3887 2221 3944 auch
2257 3887 2349 3942 dic
2373 3888 2697 3959 Beziehung

439 3987 552 4026 von
587 3987 753 4042 quem
790 3972 895 4029 auf
923 3975 1032 4030 den
1067 3973 1288 4030 Leuker
1324 3972 1494 4029 keine
1533 3973 1982 4044 Schwierigkeit.

576 4060 692 4111 239.
763 4060 1070 4114 Deciorum.
1144 4061 1224 4115 Zu
1262 4062 1308 4127 8,
1337 4062 1452 4112 254.
