3334 5075
1111 355 1283 413 Liber
1318 363 1569 428 quartus.
1642 357 1850 414 Satura
1883 359 1983 414 XI.
2556 368 2681 430 495

575 527 851 610 Persice,
900 548 1030 594 non
1074 536 1398 613 praestem
1430 529 1616 596 vitae
1663 530 1781 596 tibi
1826 530 2112 597 moribus
2158 539 2223 598 et
2267 552 2355 614 re,

575 641 633 705 si
678 637 944 704 laudem
989 639 1267 722 siliquas
1312 641 1600 706 occultus
1642 661 1875 725 gance,
1924 642 2139 726 pultes

577 769 794 817 coram
840 750 990 816 aliis
1036 749 1274 817 dictem
1318 771 1526 837 puero
1572 751 1694 818 sed
1737 754 1807 818 in
1850 772 2010 819 aure
2052 755 2408 839 placentas.

448 869 527 925 60
575 881 728 928 nam
773 881 921 928 cum
965 862 1058 928 sis
1103 863 1380 930 conviva
1419 863 1585 929 mihi
1629 864 2008 947 promissus,
2055 864 2331 932 habebis

572 972 969 1055 Euandrum,
1018 974 1244 1041 venies
1288 974 1671 1059 Tirynthius
1716 983 1831 1043 aut
1874 977 2084 1042 minor
2125 975 2244 1042 illo

571 1084 830 1169 hospes,
879 1090 947 1152 et
987 1083 1132 1169 ipse
1174 1093 1396 1152 tamen
1441 1088 1826 1170 contingens
1869 1088 2190 1172 sanguine
2235 1088 2504 1171 caelum,

606 1342 687 1391 57.
762 1340 918 1395 vitae
952 1339 1032 1394 sic
1066 1357 1184 1394 eum
1209 1345 1416 1411 puncto
1441 1342 1497 1396 P
1524 1342 1650 1397 vita.
1673 1361 1716 1394 ω
1741 1341 1905 1395 Jahn.

605 1425 715 1482 tibi
763 1425 1029 1480 Bitonem
1074 1425 1175 1496 qui
1216 1426 1398 1481 addit.-
1443 1427 1475 1461 ¹¹⁸
1512 1427 1542 1462 *
1580 1427 1610 1462 *
1650 1428 1714 1494 Ρ,
1764 1426 2034 1497 quadrant
2082 1426 2306 1498 vestigia
2340 1446 2584 1482 rasorum
2621 1429 2679 1482 in

397 1512 499 1567 sed
536 1515 738 1580 (potest
763 1509 978 1580 quidem
1000 1513 1085 1564 vel
1118 1511 1227 1567 tivi
1251 1511 1437 1583 fuisse
1472 1513 1557 1565 vel
1590 1510 1768 1575 aliud)
1804 1511 1896 1567 vel
1917 1529 1999 1582 Ρς
2032 1527 2139 1567 nec
2166 1532 2197 1574 ς
2232 1512 2341 1578 (ita
2363 1514 2541 1578 Jahn)
2577 1530 2678 1570 seu

397 1615 428 1657 ς
465 1596 567 1652 sed
604 1613 648 1658 ς.
720 1592 954 1650 ‘mancus
989 1596 1254 1665 quondam
1289 1613 1470 1650 versus
1505 1615 1576 1650 cm
1611 1591 1902 1665 quoque?'
1940 1597 2219 1652 Bucheler.

604 1819 688 1872 62.
761 1816 1056 1874 claudian.
1094 1818 1266 1887 Bapt.
1302 1818 1457 1874 Pros.
1496 1818 1555 1873 II
1591 1817 1739 1874 Prol.
1778 1820 1847 1871 49
1891 1820 1993 1875 sed
2029 1827 2092 1876 tu
2132 1819 2470 1891 Tirynthius
2519 1822 2676 1889 alter,

395 1903 737 1970 Florentino,
774 1903 929 1959 mihi.

533 2126 598 2178 62
612 2141 656 2180 s.
729 2124 884 2181 Senr.
911 2123 1080 2195 Verg.
1106 2124 1177 2180 A.
1203 2124 1288 2181 VI
1313 2127 1430 2179 332.

533 2359 614 2408 57.
688 2354 919 2410 Persice.
1001 2356 1113 2411 Ein
1167 2355 1562 2413 unbekannter
1607 2357 1834 2413 Freund
1884 2359 1984 2414 des
2028 2358 2320 2424 Dichters‚
2366 2356 2674 2427 jedonfalle

392 2442 763 2498 verschieden
797 2456 912 2496 von
951 2441 1078 2497 dem
1103 2444 1151 2509 3,
1178 2443 1274 2494 221
1304 2447 1629 2511 genannten
1654 2442 1919 2499 orborum
1942 2442 2308 2500 lautissimus.
2370 2444 2481 2499 Ein
2502 2444 2671 2499 Manu

390 2543 507 2583 von
530 2526 863 2584 vornehmer
887 2525 1106 2585 Geburt
1130 2544 1245 2583 war
1271 2527 1371 2585 der
1393 2527 1515 2585 hier
1538 2526 1902 2599 Angeredete
1921 2529 2266 2587 schwerlich.
2305 2529 2417 2586 Die
2437 2529 2670 2599 Sorgen,

391 2613 564 2669 deren
600 2613 724 2669 sich
758 2629 829 2667 zu
864 2612 1232 2682 entschlagen
1255 2612 1504 2689 Juvenal
1539 2614 1638 2669 ihn
1667 2617 1936 2668 183-192
1962 2614 2290 2684 auffordert,
2326 2615 2671 2671 namentlich

390 2699 490 2754 der
524 2698 744 2769 Aerger
779 2697 918 2755 iiber
955 2699 1073 2767 das,
1110 2715 1228 2755 was
1264 2700 1360 2755 die
1385 2698 1636 2755 Sklaven
1671 2700 2011 2758 zerbrechen
2045 2702 2183 2757 oder
2205 2700 2500 2768 verlieren‚
2539 2701 2671 2757 sind

387 2782 547 2838 nicht
582 2783 678 2839 die
714 2783 934 2853 Sergen
970 2784 1129 2841 eines
1167 2785 1509 2842 vornehmen
1543 2787 1792 2842 Manuos.
1865 2782 1993 2841 ‘Ein
2028 2786 2432 2842 bescheidener
2455 2786 2670 2841 Fabius

387 2868 650 2924 Persicus
686 2867 823 2923 CIL.
850 2868 935 2925 VI
965 2872 1159 2935 175833
1207 2871 1301 2926 ein
1341 2870 1664 2941 (allerdings
1700 2870 1995 2926 vielleicht
2028 2887 2144 2926 von
2179 2871 2307 2928 dem
2342 2870 2667 2927 bekannten

386 2952 709 3023 praefectus
765 2953 891 3009 urbi
938 2970 987 3009 a.
1023 2957 1084 3008 61
1135 2956 1196 3010 L.
1231 2956 1519 3013 Pedanius
1564 2956 1861 3013 Secundus
1908 2956 2238 3024 adoptirter)
2283 2957 2344 3010 L.
2378 2956 2667 3011 Pedanius

385 3038 682 3095 Secundus
718 3039 904 3096 Iulius
939 3040 1203 3097 Persicus
1252 3041 1389 3097 CIL.
1434 3042 1494 3097 II
1528 3043 1682 3095 4513.
1732 3041 1869 3097 CIL.
1897 3042 1950 3097 V
1985 3042 2120 3093 8432
2158 3039 2486 3110 (Aquileiam
2537 3040 2668 3097 Per-

386 3125 504 3180 sice
530 3124 552 3192 s
576 3140 704 3179 ann.
745 3131 803 3181 et
826 3126 1014 3193 lmen.
1052 3122 1233 3181 vm?
1306 3126 1644 3199 Hirschfeld.

523 3213 605 3262 58.
677 3209 919 3280 siliquas.
990 3210 1125 3265 Hor.
1163 3211 1306 3281 Epp.
1333 3212 1594 3279 111‚123
1631 3213 1782 3268 vivit
1829 3212 2056 3282 siliquis
2101 3216 2159 3267 et
2200 3226 2350 3280 pane
2395 3212 2662 3267 secundo.

382 3294 512 3365 Vgl.
538 3296 689 3352 Pers.
717 3298 765 3364 3,
793 3298 857 3348 55
896 3296 1165 3365 invigilat
1199 3296 1429 3366 siliquis
1466 3303 1525 3352 et
1559 3297 1763 3366 grandi
1798 3305 1967 3366 pasta
2000 3296 2249 3367 polenta.

522 3383 602 3432 59.
676 3381 734 3435 t’n
770 3399 916 3435 aure.
989 3382 1071 3437 Zu
1105 3382 1265 3438 Mart.
1294 3383 1382 3437 111
1408 3384 1494 3449 44,
1525 3384 1586 3434 12
1625 3383 1742 3437 und
1778 3385 1861 3449 63,
1890 3385 1937 3437 8.

463 3515 469 3521 .
521 3468 742 3521 60-62.
813 3466 1176 3537 Auspielung
1219 3466 1325 3522 suf
1360 3468 1454 3525 die
1503 3468 1895 3537 Begriissung,
1948 3468 2052 3523 mit
2098 3467 2196 3522 der
2243 3466 2510 3522 Euander
2554 3467 2665 3523 den

381 3552 616 3608 Aeneas
639 3551 946 3622 empfaingt.
995 3552 1166 3622 Verg.
1191 3551 1261 3607 A.
1289 3553 1436 3608 VIII
1472 3555 1746 3607 362-365
1773 3549 1962 3620 ‘haec'‚
2001 3552 2204 3622 inquit,
2240 3548 2454 3606 ‘limina
2478 3553 2665 3608 victor

382 3637 619 3693 Alcides
655 3637 851 3705 subiit,
886 3637 1029 3693 haec
1065 3638 1225 3693 illum
1258 3639 1421 3709 regia
1456 3639 1626 3709 cepit.
1683 3638 1852 3694 Aude
1874 3640 2101 3708 hospes,
2138 3642 2497 3694 contemnere
2523 3653 2662 3707 opes

382 3727 440 3778 et
489 3728 546 3778 te
599 3738 828 3792 quoque
882 3723 1118 3792 dignum
1160 3725 1341 3793 Finge
1389 3724 1499 3780 deo
1542 3725 1825 3794 rebusque
1872 3725 2008 3780 veni
2061 3739 2176 3779 non
2228 3738 2395 3791 asper
2449 3725 2661 3793 egenis.

382 3807 565 3864 Ueber
600 3808 695 3863 die
731 3806 984 3864 Einkehr
1021 3810 1122 3865 des
1158 3809 1433 3866 Hercules
1468 3809 1563 3865 bei
1598 3810 1866 3866 Euander
1914 3808 2019 3865 auf
2058 3810 2158 3865 der
2193 3808 2505 3866 Rflckkehr
2548 3824 2662 3865 von

380 3894 508 3949 dem
546 3895 701 3963 Zuge
736 3909 923 3963 gegen
960 3893 1253 3964 Geryones
1290 3894 1503 3951 Preller
1539 3895 1665 3949 ΒΜ.
1694 3895 1754 3949 II
1791 3896 1891 3947 288
1916 3895 1970 3950 ff.

518 3980 600 4031 62.
673 3978 981 4049 contingens
1004 3980 1261 4050 sanquine
1287 3982 1502 4035 caelum.
1543 3979 1671 4036 Son.
1698 3980 1880 4050 Apoc.
1909 3982 1957 4047 9,
1985 3982 2015 4030 5
2042 3995 2168 4035 cum
2195 3979 2363 4035 divus
2388 3978 2663 4035 Claudius

379 4069 438 4120 et
473 4063 669 4120 divum
704 4063 1031 4134 Augustum
1065 4067 1343 4135 sanguine
1381 4065 1681 4135 contingat
1713 4071 1819 4122 etc.
1871 4064 1999 4121 Sen.
2034 4063 2129 4119 Ad
2165 4065 2326 4120 Helv.
2366 4067 2414 4131 4,
2444 4067 2467 4116 1
2507 4064 2661 4133 quod

377 4151 614 4207 miseros
668 4150 842 4206 etism
897 4166 1042 4222 quos
1088 4153 1363 4222 contingo
1408 4150 1629 4207 faciam.
1723 4149 1875 4206 Suet.
1915 4149 2075 4206 Galb.
2111 4152 2142 4202 2
2180 4149 2363 4206 Galba
2397 4178 2464 4188 —
2499 4148 2660 4204 nullo

376 4237 560 4305 gradu
604 4237 944 4307 contingens
990 4236 1293 4294 Caesarum
1338 4238 1579 4293 domum.
1662 4235 1763 4292 Sil.
1801 4235 1946 4291 VIII
1980 4237 2081 4289 295
2127 4250 2513 4306 summumque
2558 4252 2659 4306 per

379 4321 527 4378 altos
562 4320 910 4393 Attingebat
944 4339 1084 4380 avos
1121 4323 1354 4380 caelum.
1429 4321 1558 4392 Vgl.
1597 4338 1667 4377 zu
1706 4323 1753 4389 8,
1782 4324 1827 4374 7.

2174 4426 2238 4475 9*
