3334 5075
625 361 753 424 466
1444 354 1737 412 Iuvenalis
1771 359 2087 410 saturarum

800 527 1102 594 excelsae
1148 525 1344 591 turris
1385 524 1701 608 tabulata,
1748 525 1922 592 unde
1966 525 2159 591 altior
2204 534 2378 592 esset

797 657 988 705 casus
1033 644 1100 702 et
1140 636 1442 720 inpulsae
1487 653 1804 721 praeceps
1848 636 2111 701 inmane
2158 638 2405 704 ruinae.

798 748 957 833 quid
999 748 1287 829 Crassos,
1337 745 1492 828 quid
1536 747 1883 831 Pompeios
1930 750 2164 813 evertit
2206 755 2276 813 et
2316 749 2517 830 illum,

798 860 886 926 ad
929 879 1046 924 sua
1093 859 1205 941 qui
1251 856 1528 923 domitos
1571 856 1846 922 deduxit
1887 857 2098 942 flagra
2142 857 2479 936 Quirites?

631 980 749 1036 110
797 989 1085 1036 summus
1129 987 1364 1052 nempe
1410 968 1592 1034 locus
1637 969 1824 1034 nulla
1865 989 1996 1034 non
2041 977 2181 1035 arte
2225 971 2468 1053 petitus

796 1098 1168 1165 magnaque
1211 1079 1586 1146 numinibus
1631 1087 1786 1146 vota
1830 1078 2142 1146 exaudita
2184 1082 2508 1164 malignis.

797 1193 884 1258 ad
927 1210 1243 1275 generum
1289 1190 1546 1256 Cereris
1591 1191 1735 1256 sine
1780 1190 1984 1256 caede
2028 1209 2107 1256 ac
2150 1192 2423 1257 vulnere
2464 1193 2655 1277 pauci

797 1300 1203 1370 descendunt
1245 1319 1437 1385 reges
1482 1307 1547 1366 et
1591 1301 1766 1367 sicca
1809 1309 2014 1366 morte
2056 1303 2339 1385 tyranni.
2441 1305 2521 1358 Ψ.

885 1413 1211 1495 eloquium
1258 1419 1372 1477 aut
1414 1412 1654 1477 famam
1700 1410 2164 1478 Demosthenis
2211 1421 2324 1480 aut
2368 1414 2700 1481 Ciceronis

633 1536 748 1593 115
798 1526 1028 1608 incipit
1072 1530 1295 1606 optare
1339 1529 1406 1587 et
1447 1524 1601 1588 totis
1644 1523 2141 1607 quinquatribus
2187 1532 2369 1608 optat

836 1679 949 1731 109.
1019 1676 1212 1746 flagra]
1249 1677 1417 1745 signa
1450 1676 1654 1730 Jeasen.

834 1766 948 1816 112.
1021 1778 1090 1817 ac
1127 1765 1216 1828 (et)
1253 1761 1487 1816 vanere
1525 1762 1617 1814 Ρω
1652 1770 1713 1817 et
1748 1763 2025 1830 sanguine
2062 1762 2233 1831 pauci
2273 1761 2505 1816 Servius.

835 1902 949 1958 106.
1021 1899 1216 1954 Horat.
1245 1896 1302 1952 C.
1331 1897 1390 1951 II
1420 1898 1498 1963 10,
1530 1900 1607 1949 11.
1659 1897 1877 1953 Seneca
1901 1897 2093 1954 Octav.
2122 1901 2236 1950 379.
2287 1897 2582 1955 claudian.
2610 1900 2679 1954 In
2705 1898 2891 1955 Rufin.

622 1990 651 2044 Ι
678 1990 744 2041 ²2
779 1993 972 2123 mitio?-
1019 2068 1235 2139 Vergil.
1261 2067 1331 2123 A.
1361 2069 1444 2123 XI
1477 2071 1570 2119 157
1587 2083 1629 2123 s.
1667 2067 1812 2123 nulli
1851 2068 2121 2125 exaudita
2157 2070 2389 2125 deorum
2425 2067 2591 2124 Vota

766 2211 917 2263 112s.
992 2205 1146 2262 Serv.
1173 2204 1328 2274 Verg
1352 2204 1415 2260 G.
1443 2205 1503 2260 11
1529 2207 1646 2258 498.

764 2357 877 2407 106.
951 2352 1085 2406 Hor.
1112 2350 1170 2406 C.
1200 2349 1260 2404 ΙΙ
1289 2353 1367 2414 10,
1399 2352 1455 2403 11
1497 2349 1685 2405 celsae
1722 2349 1984 2419 graviore
2020 2365 2158 2405 casu
2181 2349 2473 2405 Decidunt
2506 2357 2704 2406 turres.
2752 2350 2894 2407 Stat.

623 2441 677 2496 S.
705 2440 764 2494 II
792 2442 839 2506 7,
866 2441 928 2491 91
970 2436 1083 2491 Cur
1106 2434 1252 2505 plus,
1290 2436 1483 2502 ardua,
1509 2435 1739 2491 casibus
1764 2435 2016 2503 patetis?
2064 2434 2190 2491 Son.
2219 2433 2339 2490 Oet.
2366 2438 2467 2487 379
2481 2451 2553 2491 ss.
2621 2435 2773 2501 Quid
2807 2453 2896 2492 me

622 2554 692 2565 —
713 2524 966 2580 Fortuna
995 2551 1059 2562 -
1097 2519 1235 2576 Alte
1271 2519 1545 2587 extulisti,
1584 2521 1817 2591 gravius
1852 2526 1919 2577 ut
1951 2535 2170 2578 ruerem
2207 2521 2365 2577 edita
2396 2520 2690 2591 Receptus
2726 2522 2896 2579 arce?

621 2610 828 2665 Minue.
855 2607 971 2664 Fel.
1001 2608 1064 2657 37
1103 2606 1164 2661 in
1199 2606 1307 2661 hoc
1345 2607 1518 2662 altius
1541 2606 1835 2673 tolluntur,
1873 2612 1939 2662 ut
1963 2607 2233 2662 decidant
2257 2607 2442 2662 altius.
2494 2606 2788 2663 Claudian.
2828 2609 2896 2663 In

622 2693 810 2750 Rufin.
839 2693 867 2746 I
893 2695 958 2745 22
997 2692 1231 2757 (iniusti)
1267 2690 1546 2747 tolluntur
1582 2693 1642 2746 in
1680 2691 1857 2747 altum
1890 2691 1968 2747 Ut
2002 2692 2170 2760 lapsu
2204 2694 2469 2761 graviore
2505 2699 2686 2748 ruant

765 2781 878 2831 107.
945 2794 1204 2848 praeceps
1239 2777 1704 2834 substantivisch.
1756 2778 1973 2833 Seneca
1994 2776 2138 2845 Epp.
2166 2779 2248 2842 94,
2274 2778 2340 2829 63
2376 2793 2493 2832 non
2528 2777 2693 2833 aliter
2728 2792 2895 2846 quam

624 2866 684 2919 in
717 2878 993 2933 praeceps
1030 2863 1254 2918 deiecta
1277 2864 1547 2931 pondera,
1585 2865 1794 2932 quibus
1819 2863 1993 2917 eundi
2017 2861 2147 2917 finis
2171 2868 2261 2918 est
2283 2862 2547 2918 iacuisse.
2596 2865 2674 2914 73.
2703 2863 2896 2932 itaque

621 2949 1015 3006 exanimantur
1050 2954 1111 3004 et
1144 2948 1450 3018 trepidant,
1488 2950 1757 3017 quotiens
1793 2948 2175 3017 despexerunt
2210 2948 2273 3002 in
2307 2947 2452 3002 illud
2485 2949 2896 3017 magnitudinis

622 3049 759 3090 suae
795 3049 1086 3103 praeceps.
1136 3034 1275 3090 Stat.
1304 3033 1358 3090 S.
1386 3034 1415 3089 Ι
1439 3037 1488 3099 4,
1517 3036 1576 3086 51
1618 3034 1797 3090 subiti
1832 3048 2108 3103 praeceps
2146 3033 2396 3087 iuvenile
2433 3032 2650 3101 pericli.
2722 3032 2892 3102 Apul.

620 3120 748 3175 Met.
777 3118 862 3174 IV
886 3122 916 3170 5
952 3133 1055 3188 per
1091 3120 1426 3175 altissimum
1460 3134 1737 3188 praeceps
1773 3119 1834 3173 in
1856 3117 2066 3173 vallem
2095 3146 2156 3157 —
2182 3117 2580 3187 praecipitant.
2631 3119 2700 3173 In
2735 3134 2895 3187 prae-

621 3205 788 3274 cipiti
830 3207 873 3271 1,
904 3207 1026 3269 149;
1065 3203 1208 3259 Cels.
1236 3204 1294 3257 II
1322 3206 1353 3255 6
1390 3204 1510 3258 und
1545 3203 1599 3259 V
1625 3206 1706 3270 26,
1735 3207 1781 3255 3.

763 3291 875 3341 108.
957 3290 1177 3343 Crassos
1210 3317 1280 3328 —
1327 3289 1638 3358 Pompeios:
1689 3288 1924 3343 Miinner
1966 3289 2074 3344 wie
2121 3288 2358 3344 Crassus
2403 3288 2520 3343 und
2572 3289 2892 3358 Pompeius.

620 3373 749 3444 vgl.
776 3390 847 3429 zu
883 3376 931 3440 2,
959 3376 1005 3425 3.
1996 3369 2007 3380 “

763 3462 876 3511 108.
919 3461 1032 3511 109.
1106 3457 1287 3513 illum:
1325 3459 1547 3516 Caesar.
1585 3458 1714 3528 Vgl.
1741 3458 1889 3514 Plut.
1912 3457 2070 3514 Caes.
2099 3474 2145 3513 c.
2167 3461 2229 3510 57
2258 3458 2552 3530 δεδεγμένοι
2574 3460 2662 3512 τὸν
2686 3458 2895 3532 χαλινόν

619 3573 687 3584 -
724 3544 1001 3611 δικτάτορα
1032 3571 1105 3583 —-
1139 3544 1289 3597 αὐτὸν
1326 3545 1596 3607 ἀπέδειξαν
1635 3543 1719 3597 διὰ
1757 3543 1884 3612 βίου.

764 3631 875 3680 109.
946 3626 1191 3684 Macrob.
1223 3629 1275 3685 S.
1303 3630 1362 3684 H
1390 3633 1436 3697 7,
1463 3633 1496 3681 4
1535 3628 1840 3693 (Laberius)
1893 3658 1961 3667 —
2008 3643 2069 3684 se
2122 3657 2190 3667 —
2234 3629 2614 3685 ulciscebatur
2659 3629 2893 3684 inducto

621 3712 821 3768 habitu
857 3712 916 3775 (1))
956 3712 1086 3782 Syri
1124 3716 1223 3783 qui
1259 3716 1419 3770 velut
1451 3713 1645 3783 flagris
1683 3728 1885 3769 caesus
1919 3714 2406 3783 praeripientique
2443 3714 2503 3778 (P)
2550 3713 2755 3769 similis
2800 3729 2894 3770 ex·

621 3798 905 3854 clamabat
937 3793 1122 3866 ‘porro
1161 3799 1413 3864 Quirites
1446 3798 1768 3855 libertatem
1802 3795 2107 3868 perdimus’
2144 3804 2249 3854 etc.

764 3885 876 3935 110.
949 3883 1168 3939 Seneca
1201 3885 1344 3954 Epp.
1372 3886 1454 3951 95,
1482 3888 1511 3936 3
1551 3886 1698 3940 iuter
1735 3884 1880 3951 illos,
1919 3899 2063 3953 quos
2100 3884 2341 3940 divitiae
2376 3900 2477 3954 per
2501 3900 2774 3940 summum
2798 3884 2896 3939 ad·

621 3969 869 4038 quisitae
904 3969 1165 4025 sudorem
1203 3969 1352 4024 male
1387 3970 1612 4036 habent,
1650 3970 1800 4024 inter
1836 3969 1983 4035 illos,
2020 3984 2165 4038 quos
2187 3969 2430 4026 honores
2453 3969 2610 4024 nulla
2634 3984 2750 4024 non
2775 3974 2896 4024 arte

621 4060 792 4126 atque
829 4071 1005 4126 opera
1038 4055 1208 4124 petiti
1246 4055 1612 4122 discruciant,
1659 4060 1719 4111 et
1753 4061 1974 4110 ceteros
2008 4055 2286 4109 malorum
2329 4070 2559 4110 suorum
2603 4062 2893 4124 conpotes.

764 4143 875 4193 112.
949 4158 1202 4211 ymerum
1268 4141 1509 4195 Cereris:
1579 4141 1763 4196 Pluto.
1814 4140 2000 4196 Ueber
2042 4140 2327 4209 derartige
2371 4139 2895 4210 Umschreibungen

621 4242 690 4280 zu
727 4228 775 4291 5,
813 4228 894 4277 45.

761 4313 875 4362 115.
949 4310 1074 4365 totis
1109 4341 1178 4351 —
1224 4311 1661 4382 quinquatribus:
1720 4311 1861 4368 totis
1910 4309 2002 4365 fflr
2056 4309 2318 4367 omnibus
2370 4325 2443 4365 zu
2495 4313 2543 4378 8,
2578 4312 2695 4363 255.
2784 4310 2896 4366 Die
