3334 5075
1128 48 1298 106 Liber
1333 49 1582 119 quintus.
1654 47 1862 106 Satura
1895 50 2050 106 XIV.
2604 54 2729 118 549

633 219 934 307 turpibus
979 241 1057 288 ac
1099 222 1325 307 pravis
1368 240 1592 287 omnes
1637 240 1878 303 sumus,
1928 228 1996 288 et
2038 222 2387 289 Catilinam

635 352 1038 418 quocumque
1081 334 1151 398 in
1192 334 1433 420 populo
1479 332 1726 414 videas,
1774 353 2177 417 quocumque
2221 335 2340 401 sub
2386 354 2527 416 axe,

636 444 752 511 sed
796 464 917 512 nec
960 446 1197 512 Brutus
1242 447 1368 511 erit
1410 444 1594 512 Bruti
1640 465 1764 510 nec
1807 448 2164 512 avunculus
2210 466 2533 529 umquam.

635 558 729 622 nil
774 555 951 623 dictu
995 555 1254 624 foedum'
1302 558 1579 639 visuque
1622 556 1788 623 haec
1831 557 2059 623 limina
2103 564 2348 642 tangat,

510 676 587 732 45
635 669 810 734 intra
855 688 1024 751 quae
1067 676 1254 753 pater
1300 675 1429 747 est;
1475 669 1718 753 procul,
1768 689 1810 733 a
1853 671 2075 753 procul
2119 668 2275 735 inde
2317 668 2581 754 puellae

634 782 940 846 lenonum
988 787 1052 848 et
1096 788 1326 847 cantus
1367 781 1815 866 pernoctantis
1858 782 2152 866 parasiti.

634 893 919 957 maxima
962 890 1233 959 debetur
1278 911 1477 977 puero
1521 893 1905 973 reverentia,
1954 892 2172 976 siquid

634 1010 824 1088 turpe
866 1022 1083 1089 paras,
1129 1023 1251 1070 nec
1292 1011 1364 1069 tu
1406 1005 1595 1089 pueri
1639 1005 2104 1088 contempseris
2147 1023 2372 1088 annos,

638 1114 756 1180 sed
797 1123 1147 1198 peccaturo
1193 1115 1407 1183 obstet
1452 1116 1566 1181 tibi
1612 1114 1788 1182 filius
1832 1115 2069 1182 infans.

511 1234 590 1290 50
636 1247 787 1292 nam
833 1226 1051 1309 siquid
1095 1225 1365 1310 dignum
1410 1228 1698 1294 censoris
1743 1227 1973 1294 fecerit
2015 1229 2116 1294 ira

637 1338 1028 1422 quandoque
1076 1346 1142 1405 ct
1185 1340 1460 1405 similem
1505 1340 1626 1405 tibi
1671 1359 1744 1405 se
1785 1359 1917 1405 non
1961 1358 2229 1424 corpore
2272 1347 2524 1405 tantum

636 1471 757 1516 nec
800 1452 986 1516 vultu
1029 1449 1299 1532 dederit,
1348 1471 1596 1516 morum
1641 1470 1899 1534 quoque
1942 1450 2117 1517 filius
2160 1459 2225 1517 et
2268 1453 2381 1534 qui

638 1562 856 1628 omnia
900 1560 1189 1628 deterius
1231 1569 1344 1628 tua
1386 1582 1505 1647 per
1550 1562 1834 1646 vestigia
1875 1569 2119 1646 peccet,

638 1674 947 1758 corripies
990 1674 1292 1739 nimirum
1337 1681 1403 1739 et
1446 1674 1801 1758 castigabis
1843 1671 2078 1740 acerbo

514 1792 590 1867 55
639 1786 922 1851 clamore
967 1805 1045 1851 ac
1087 1792 1237 1870 post
1280 1785 1444 1852 haec
1486 1783 1749 1852 tabulas
1795 1791 2043 1851 mutare
2085 1783 2406 1870 parabis?

676 1951 759 2002 43.
831 1964 1080 2019 unquam
1118 1951 1173 2003 P
1192 1949 1482 2003 Buchezerf*
1518 1965 1752 2019 usquam
1779 1967 1869 2020 pm
1894 1950 2042 2003 Jahn
2065 1948 2368 2003 Enchelei-².

675 2037 757 2087 45.
828 2038 1008 2104 pater]
1042 2050 1186 2104 puer
1223 2053 1254 2097 ς
1278 2035 1471 2089 Flora.
1514 2036 1692 2090 Paris.
1764 2041 1927 2106 pater
1962 2051 2024 2093 es
2061 2035 2140 2089 S?
2185 2036 2300 2100 (ubi
2343 2034 2492 2092 filios
2527 2034 2733 2099 habes).

468 2120 540 2176 ah
582 2120 1355 2176 &amracPacvdhac
1390 2142 1449 2173 ω.

671 2209 757 2260 48.
826 2209 950 2273 nec]
985 2222 1057 2261 ne
1095 2224 1126 2268 ς
1160 2211 1222 2259 ut
1253 2224 1445 2277 gnoma
1463 2211 1636 2279 fleret
1673 2216 1755 2262 47.

675 2295 758 2346 51.
830 2293 1170 2362 quandoque
1208 2294 1263 2346 P
1292 2293 1521 2362 quidem
1554 2311 1723 2362 cupra
1746 2309 1857 2364 que
1879 2293 2098 2364 scripsit
2112 2312 2156 2363 p
2194 2293 2653 2364 quandoquidem
2677 2313 2733 2345 ω.

675 2441 760 2491 48.
830 2439 1040 2494 Lucan.
1078 2436 1224 2493 VIII
1259 2441 1358 2490 495
1412 2454 1526 2494 non
1572 2440 1802 2509 impune
1856 2445 1988 2495 tuos
2037 2439 2277 2508 Magnus
2331 2438 2737 2509 contempserit

469 2541 662 2581 annos.

468 2662 625 2719 feret.
663 2662 737 2717 ad
773 2622 1059 2718 deteriora
1090 2660 1290 2718 faciles
1326 2678 1532 2717 sumus.
1603 2662 1795 2717 Manil.
1833 2661 1917 2717 IV
1941 2664 2143 2714 86-87
2181 2662 2336 2732 quod
2370 2662 2584 2717 Decios
2619 2678 2736 2717 non

470 2763 634 2804 omne
682 2747 844 2817 tulit,
897 2763 1013 2802 non
1062 2762 1226 2803 omne
1262 2747 1531 2805 Camillos
1598 2748 1848 2817 Tempus
1883 2748 1943 2803 et
1977 2747 2254 2803 invictum
2291 2747 2521 2803 devicta
2554 2752 2734 2803 morte

468 2834 1084 2989 Catoffim·quowmw
1115 2950 1186 2959 —
1221 2938 1560 2991 quocumque.
1632 2919 1948 2976 Aehnliche
1984 2919 2430 2988 Wiederholung
2465 2921 2514 2985 3,
2539 2920 2657 2971 230.

607 3008 687 3058 43.
761 3006 936 3059 Bruti
980 3007 1301 3060 avunculus:
1356 3004 1499 3061 Cato
1536 3005 1850 3073 Uticensis,
1901 3006 2103 3062 dessen
2141 3004 2456 3061 Schwester
2492 3003 2736 3060 Servilia

470 3092 565 3147 die
593 3092 802 3147 Mutter
837 3091 938 3147 des
970 3092 1041 3145 M.
1066 3093 1290 3159 Brutus,
1329 3091 1429 3147 des
1463 3092 1715 3149 Morders
1749 3091 2020 3159 Caesar's‚
2056 3107 2188 3147 war.
2262 3090 2338 3147 So
2372 3088 2553 3145 heisst
2587 3088 2736 3144 Cali-

466 3176 607 3246 gula
640 3179 687 3242 6,
715 3178 813 3229 615
851 3175 1167 3233 avunculus
1202 3177 1299 3234 ille
1336 3178 1592 3234 Neronis.
1660 3177 1848 3235 Ueber
1883 3177 2076 3234 solche
2109 3176 2630 3243 Umschreibuugen
2667 3191 2737 3230 zu

471 3265 502 3313 5
594 3264 639 3314 5.

506 3303 521 3329 ’
557 3265 692 3400 445.
752 3350 971 3417 procul,
1022 3367 1056 3402 a
1091 3352 1291 3418 procul
1334 3348 1469 3402 indo.
1542 3349 1684 3405 Stat.
1721 3348 1776 3405 S.
1803 3349 1893 3404 111
1919 3352 1967 3415 3,
1998 3352 2060 3401 13
2107 3348 2310 3417 procul
2350 3348 2502 3415 hinc,
2536 3345 2738 3416 procul

470 3435 551 3490 ite
597 3441 886 3490 nocentes.
967 3435 1209 3506 Bentley
1253 3452 1324 3491 zu
1359 3436 1491 3490 Hor.
1529 3435 1675 3505 Epp.
1712 3435 1773 3490 11
1809 3436 1984 3502 2,199
2038 3436 2239 3504 procul
2289 3451 2323 3489 a
2368 3433 2568 3503 procul
2616 3437 2736 3488 este

469 3518 830 3659 prolenlll--w-
899 3605 1044 3661 Eine
1082 3606 1180 3663 der
1216 3606 1651 3663 auffallendsten
1673 3604 2072 3675 Tautologien‚
2111 3607 2184 3662 da
2217 3604 2476 3662 dasselbe
2502 3601 2737 3658 dreimal

471 3697 673 3762 gesagt
706 3692 866 3747 wird.
938 3692 1084 3748 Einl.
1124 3692 1179 3748 S.
1208 3696 1288 3760 55,
1316 3696 1363 3745 4.

608 3781 690 3830 48.
766 3782 824 3830 ιιι
861 3777 920 3832 in
956 3778 1393 3848 Ermahnungen
1428 3778 1573 3833 auch
1609 3779 1657 3842 2,
1685 3779 1775 3842 61;
1813 3780 1861 3845 8,
1888 3779 2013 3843 228;
2052 3780 2102 3844 9,
2130 3779 2253 3841 134,
2293 3777 2374 3842 10,
2400 3776 2516 3827 342.

610 3868 691 3917 51.
765 3865 1076 3934 quandoque
1113 3864 1323 3921 ebenso
1360 3865 1445 3920 als
1481 3862 1846 3919 Indefinitum
1882 3866 1930 3931 2,
1957 3865 2020 3915 82
2058 3879 2113 3919 u.
2150 3865 2198 3929 5,
2230 3862 2342 3913 172.

610 3954 692 4003 55.
764 3952 974 4005 tabulas
1006 3956 1227 4019 mutare,
1266 3952 1368 4007 das
1402 3950 1732 4007 Testament
1766 3949 1981 4005 andern
2011 3952 2098 4014 (zu
2125 3950 2169 4015 1,
2196 3949 2303 4014 68);
2344 3950 2423 4014 12,
2452 3948 2550 4000 123
2588 3946 2738 4003 dele·

471 4036 558 4092 bit
591 4035 831 4092 tabulas.
