<?xml version="1.0" encoding="UTF-8"?>
<!DOCTYPE html PUBLIC "-//W3C//DTD XHTML 1.0 Transitional//EN"
    "http://www.w3.org/TR/xhtml1/DTD/xhtml1-transitional.dtd">
<html xmlns="http://www.w3.org/1999/xhtml" xml:lang="en" lang="en">
 <head>
  <title>
</title>
<meta http-equiv="Content-Type" content="text/html;charset=utf-8" />
  <meta name='ocr-system' content='tesseract 3.04.00' />
  <meta name='ocr-capabilities' content='ocr_page ocr_carea ocr_par ocr_line ocrx_word'/>
</head>
<body>
  <div class='ocr_page' id='page_1' title='image "./djuniijuvenalis01unkngoog_0384.png"; bbox 0 0 3334 5075; ppageno 0'>
   <div class='ocr_carea' id='block_1_1' title="bbox 683 351 2141 417">
    <p class='ocr_par' dir='ltr' id='par_1_1' title="bbox 683 351 2141 417">
     <span class='ocr_line' id='line_1_1' title="bbox 683 351 2141 417; baseline -0.009 0"><span class='ocrx_word' id='word_1_1' title='bbox 683 356 808 417; x_wconf 82' lang='lat'><strong>374</strong></span> <span class='ocrx_word' id='word_1_2' title='bbox 1501 351 1790 407; x_wconf 80' lang='lat' dir='ltr'><strong>luvenalis</strong></span> <span class='ocrx_word' id='word_1_3' title='bbox 1826 358 2141 407; x_wconf 77' lang='lat' dir='ltr'><strong>saturarum</strong></span> 
     </span>
    </p>
   </div>
   <div class='ocr_carea' id='block_1_2' title="bbox 728 522 2750 1389">
    <p class='ocr_par' dir='ltr' id='par_1_2' title="bbox 853 522 2750 941">
     <span class='ocr_line' id='line_1_2' title="bbox 853 522 2726 607; baseline 0.001 -19"><span class='ocrx_word' id='word_1_4' title='bbox 853 522 1044 606; x_wconf 87' lang='lat' dir='ltr'><strong>hunc,</strong></span> <span class='ocrx_word' id='word_1_5' title='bbox 1093 525 1351 606; x_wconf 90' lang='lat' dir='ltr'><strong>qualem</strong></span> <span class='ocrx_word' id='word_1_6' title='bbox 1394 543 1647 606; x_wconf 89' lang='lat' dir='ltr'><strong>nequeo</strong></span> <span class='ocrx_word' id='word_1_7' title='bbox 1694 530 2053 589; x_wconf 87' lang='lat' dir='ltr'><strong>monstrare</strong></span> <span class='ocrx_word' id='word_1_8' title='bbox 2098 530 2165 588; x_wconf 90' lang='lat' dir='ltr'><strong>et</strong></span> <span class='ocrx_word' id='word_1_9' title='bbox 2208 522 2415 589; x_wconf 88' lang='lat' dir='ltr'><strong>sentio</strong></span> <span class='ocrx_word' id='word_1_10' title='bbox 2460 530 2726 607; x_wconf 85' lang='lat' dir='ltr'><strong>tantum,</strong></span> 
     </span>
     <span class='ocr_line' id='line_1_3' title="bbox 860 634 2511 717; baseline 0.001 -18"><span class='ocrx_word' id='word_1_11' title='bbox 860 636 1193 701; x_wconf 81' lang='lat' dir='ltr'><strong>anxietate</strong></span> <span class='ocrx_word' id='word_1_12' title='bbox 1237 654 1471 701; x_wconf 87' lang='lat' dir='ltr'><strong>carens</strong></span> <span class='ocrx_word' id='word_1_13' title='bbox 1515 636 1770 700; x_wconf 85' lang='lat' dir='ltr'><strong>animus</strong></span> <span class='ocrx_word' id='word_1_14' title='bbox 1815 634 1989 717; x_wconf 87' lang='lat' dir='ltr'><strong>facit,</strong></span> <span class='ocrx_word' id='word_1_15' title='bbox 2039 635 2247 700; x_wconf 92' lang='lat' dir='ltr'><strong>omnis</strong></span> <span class='ocrx_word' id='word_1_16' title='bbox 2290 636 2511 701; x_wconf 87' lang='lat' dir='ltr'><strong>acerbi</strong></span> 
     </span>
     <span class='ocr_line' id='line_1_4' title="bbox 854 746 2593 833; baseline 0 -20"><span class='ocrx_word' id='word_1_17' title='bbox 854 746 1202 831; x_wconf 88' lang='lat' dir='ltr'><strong>inpatiens,</strong></span> <span class='ocrx_word' id='word_1_18' title='bbox 1251 747 1527 833; x_wconf 76' lang='lat' dir='ltr'><strong>cupidus</strong></span> <span class='ocrx_word' id='word_1_19' title='bbox 1571 747 1883 812; x_wconf 87' lang='lat' dir='ltr'><strong>silvarum</strong></span> <span class='ocrx_word' id='word_1_20' title='bbox 1927 754 2248 831; x_wconf 86' lang='lat' dir='ltr'><strong>aptusque</strong></span> <span class='ocrx_word' id='word_1_21' title='bbox 2291 747 2593 815; x_wconf 76' lang='lat' dir='ltr'><strong>bibendis</strong></span> 
     </span>
     <span class='ocr_line' id='line_1_5' title="bbox 854 858 2750 941; baseline 0.001 -17"><span class='ocrx_word' id='word_1_22' title='bbox 854 858 1141 925; x_wconf 85' lang='lat' dir='ltr'><strong>fontibus</strong></span> <span class='ocrx_word' id='word_1_23' title='bbox 1185 858 1524 925; x_wconf 89' lang='lat' dir='ltr'><strong>Aonidum.</strong></span> <span class='ocrx_word' id='word_1_24' title='bbox 1614 878 1828 941; x_wconf 89' lang='lat' dir='ltr'><strong>neque</strong></span> <span class='ocrx_word' id='word_1_25' title='bbox 1873 860 2044 924; x_wconf 90' lang='lat' dir='ltr'><strong>enim</strong></span> <span class='ocrx_word' id='word_1_26' title='bbox 2090 865 2357 925; x_wconf 89' lang='lat' dir='ltr'><strong>eantare</strong></span> <span class='ocrx_word' id='word_1_27' title='bbox 2401 860 2521 926; x_wconf 87' lang='lat' dir='ltr'><strong>sub</strong></span> <span class='ocrx_word' id='word_1_28' title='bbox 2566 866 2750 926; x_wconf 83' lang='lat' dir='ltr'><strong>antro</strong></span> 
     </span>
    </p>

    <p class='ocr_par' dir='ltr' id='par_1_3' title="bbox 728 970 2741 1389">
     <span class='ocr_line' id='line_1_6' title="bbox 728 970 2511 1055; baseline 0.002 -21"><span class='ocrx_word' id='word_1_29' title='bbox 728 979 808 1034; x_wconf 87' lang='grc'><strong>60</strong></span> <span class='ocrx_word' id='word_1_30' title='bbox 853 972 1070 1036; x_wconf 92' lang='lat' dir='ltr'><strong>Pierio</strong></span> <span class='ocrx_word' id='word_1_31' title='bbox 1113 970 1540 1054; x_wconf 79' lang='lat' dir='ltr'><strong>thyrsumque</strong></span> <span class='ocrx_word' id='word_1_32' title='bbox 1581 977 1797 1055; x_wconf 89' lang='lat' dir='ltr'><strong>potest</strong></span> <span class='ocrx_word' id='word_1_33' title='bbox 1840 972 2215 1055; x_wconf 84' lang='lat' dir='ltr'><strong>contingere</strong></span> <span class='ocrx_word' id='word_1_34' title='bbox 2259 978 2511 1037; x_wconf 81' lang='lat' dir='ltr'><strong>maesta</strong></span> 
     </span>
     <span class='ocr_line' id='line_1_7' title="bbox 854 1082 2605 1167; baseline 0.001 -20"><span class='ocrx_word' id='word_1_35' title='bbox 854 1089 1206 1167; x_wconf 78' lang='lat' dir='ltr'><strong>paupertas</strong></span> <span class='ocrx_word' id='word_1_36' title='bbox 1250 1087 1448 1164; x_wconf 87' lang='lat' dir='ltr'><strong>atque</strong></span> <span class='ocrx_word' id='word_1_37' title='bbox 1492 1082 1663 1147; x_wconf 90' lang='lat' dir='ltr'><strong>aeris</strong></span> <span class='ocrx_word' id='word_1_38' title='bbox 1707 1082 1913 1166; x_wconf 89' lang='lat' dir='ltr'><strong>inops,</strong></span> <span class='ocrx_word' id='word_1_39' title='bbox 1963 1102 2091 1165; x_wconf 93' lang='lat' dir='ltr'><strong>quo</strong></span> <span class='ocrx_word' id='word_1_40' title='bbox 2136 1089 2324 1148; x_wconf 86' lang='lat' dir='ltr'><strong>noete</strong></span> <span class='ocrx_word' id='word_1_41' title='bbox 2368 1082 2605 1165; x_wconf 88' lang='lat' dir='ltr'><strong>dieque</strong></span> 
     </span>
     <span class='ocr_line' id='line_1_8' title="bbox 856 1188 2741 1278; baseline 0 -19"><span class='ocrx_word' id='word_1_42' title='bbox 856 1211 1088 1278; x_wconf 88' lang='lat' dir='ltr'><strong>corpus</strong></span> <span class='ocrx_word' id='word_1_43' title='bbox 1135 1200 1311 1277; x_wconf 85' lang='lat' dir='ltr'><strong>eget:</strong></span> <span class='ocrx_word' id='word_1_44' title='bbox 1359 1200 1541 1258; x_wconf 88' lang='lat' dir='ltr'><strong>satur</strong></span> <span class='ocrx_word' id='word_1_45' title='bbox 1586 1201 1690 1260; x_wconf 88' lang='lat' dir='ltr'><strong>est</strong></span> <span class='ocrx_word' id='word_1_46' title='bbox 1733 1213 1877 1260; x_wconf 88' lang='lat' dir='ltr'><strong>oum</strong></span> <span class='ocrx_word' id='word_1_47' title='bbox 1922 1193 2080 1261; x_wconf 88' lang='lat' dir='ltr'><strong>dicit</strong></span> <span class='ocrx_word' id='word_1_48' title='bbox 2121 1195 2429 1260; x_wconf 86' lang='lat' dir='ltr'><strong>Horatius</strong></span> <span class='ocrx_word' id='word_1_49' title='bbox 2472 1188 2741 1260; x_wconf 82' lang='lat' dir='ltr'><strong>‘euhoe&#39;.</strong></span> 
     </span>
     <span class='ocr_line' id='line_1_9' title="bbox 857 1305 2548 1389; baseline 0.001 -19"><span class='ocrx_word' id='word_1_50' title='bbox 857 1306 1001 1388; x_wconf 87' lang='lat' dir='ltr'><strong>quis</strong></span> <span class='ocrx_word' id='word_1_51' title='bbox 1046 1305 1227 1370; x_wconf 90' lang='lat' dir='ltr'><strong>locus</strong></span> <span class='ocrx_word' id='word_1_52' title='bbox 1270 1305 1551 1389; x_wconf 82' lang='lat' dir='ltr'><strong>ingenie,</strong></span> <span class='ocrx_word' id='word_1_53' title='bbox 1601 1306 1730 1370; x_wconf 89' lang='lat' dir='ltr'><strong>nisi</strong></span> <span class='ocrx_word' id='word_1_54' title='bbox 1775 1324 1918 1371; x_wconf 89' lang='lat' dir='ltr'><strong>eum</strong></span> <span class='ocrx_word' id='word_1_55' title='bbox 1963 1323 2037 1372; x_wconf 88' lang='lat' dir='ltr'><strong>se</strong></span> <span class='ocrx_word' id='word_1_56' title='bbox 2082 1307 2369 1372; x_wconf 85' lang='lat' dir='ltr'><strong>carmine</strong></span> <span class='ocrx_word' id='word_1_57' title='bbox 2413 1308 2548 1372; x_wconf 88' lang='lat' dir='ltr'><strong>solo</strong></span> 
     </span>
    </p>
   </div>
   <div class='ocr_carea' id='block_1_3' title="bbox 771 1433 1000 1440">
    <p class='ocr_par' dir='ltr' id='par_1_4' title="bbox 771 1433 1000 1440">
     <span class='ocr_line' id='line_1_10' title="bbox 771 1433 1000 1440; baseline 0 0"><span class='ocrx_word' id='word_1_58' title='bbox 771 1433 1000 1440; x_wconf 95' lang='lat' dir='ltr'><strong> </strong></span> 
     </span>
    </p>
   </div>
   <div class='ocr_carea' id='block_1_4' title="bbox 672 1479 2952 1895">
    <p class='ocr_par' dir='ltr' id='par_1_5' title="bbox 672 1479 2952 1722">
     <span class='ocr_line' id='line_1_11' title="bbox 889 1479 2952 1548; baseline 0.001 -17"><span class='ocrx_word' id='word_1_59' title='bbox 889 1483 970 1532; x_wconf 81' lang='lat'><strong>58.</strong></span> <span class='ocrx_word' id='word_1_60' title='bbox 1045 1485 1325 1548; x_wconf 81' lang='lat' dir='ltr'><strong>aptusque</strong></span> <span class='ocrx_word' id='word_1_61' title='bbox 1353 1480 1444 1533; x_wconf 84' lang='grc' dir='ltr'><strong>Ρω</strong></span> <span class='ocrx_word' id='word_1_62' title='bbox 1480 1479 1797 1548; x_wconf 83' lang='lat' dir='ltr'><strong>avidusque</strong></span> <span class='ocrx_word' id='word_1_63' title='bbox 1821 1479 1963 1532; x_wconf 71' lang='lat' dir='ltr'><strong>Jahn</strong></span> <span class='ocrx_word' id='word_1_64' title='bbox 1989 1480 2088 1542; x_wconf 76' lang='lat' dir='ltr'><strong>(S.-</strong></span> <span class='ocrx_word' id='word_1_65' title='bbox 2127 1480 2384 1547; x_wconf 83' lang='lat' dir='ltr'><strong>cupidus.</strong></span> <span class='ocrx_word' id='word_1_66' title='bbox 2412 1479 2617 1534; x_wconf 86' lang='lat' dir='ltr'><strong>avidus</strong></span> <span class='ocrx_word' id='word_1_67' title='bbox 2640 1481 2714 1548; x_wconf 81' lang='lat' dir='ltr'><strong>cf.</strong></span> <span class='ocrx_word' id='word_1_68' title='bbox 2752 1479 2952 1533; x_wconf 66' lang='lat' dir='ltr'><strong>Vahlen</strong></span> 
     </span>
     <span class='ocr_line' id='line_1_12' title="bbox 672 1570 2274 1722; baseline -0.001 -18"><span class='ocrx_word' id='word_1_69' title='bbox 672 1585 731 1636; x_wconf 40' lang='lat' dir='ltr'><strong>p·</strong></span> <span class='ocrx_word' id='word_1_70' title='bbox 762 1570 970 1705; x_wconf 33' lang='grc'><strong>26160.</strong></span> <span class='ocrx_word' id='word_1_71' title='bbox 1044 1660 1261 1709; x_wconf 73' lang='lat' dir='ltr'><strong>maesta</strong></span> <span class='ocrx_word' id='word_1_72' title='bbox 1299 1652 1634 1707; x_wconf 70' lang='lat' dir='ltr'><strong>PBt‘lcholer</strong></span> <span class='ocrx_word' id='word_1_73' title='bbox 1671 1667 1813 1708; x_wconf 82' lang='lat' dir='ltr'><strong>sana</strong></span> <span class='ocrx_word' id='word_1_74' title='bbox 1844 1669 2027 1722; x_wconf 63' lang='lat' dir='ltr'><strong>mar-90</strong></span> <span class='ocrx_word' id='word_1_75' title='bbox 2063 1653 2209 1705; x_wconf 72' lang='lat' dir='ltr'><strong>Jahn</strong></span> <span class='ocrx_word' id='word_1_76' title='bbox 2224 1653 2274 1705; x_wconf 92' lang='lat' dir='ltr'><strong>I.</strong></span> 
     </span>
    </p>

    <p class='ocr_par' dir='ltr' id='par_1_6' title="bbox 890 1737 1631 1808">
     <span class='ocr_line' id='line_1_13' title="bbox 890 1737 1631 1808; baseline 0 -18"><span class='ocrx_word' id='word_1_77' title='bbox 890 1741 971 1792; x_wconf 83' lang='lat'><strong>61.</strong></span> <span class='ocrx_word' id='word_1_78' title='bbox 1043 1742 1174 1808; x_wconf 92' lang='lat' dir='ltr'><strong>quo]</strong></span> <span class='ocrx_word' id='word_1_79' title='bbox 1211 1755 1337 1794; x_wconf 88' lang='lat' dir='ltr'><strong>cum</strong></span> <span class='ocrx_word' id='word_1_80' title='bbox 1376 1737 1631 1792; x_wconf 74' lang='lat' dir='ltr'><strong>Ribbeck.</strong></span> 
     </span>
    </p>

    <p class='ocr_par' dir='ltr' id='par_1_7' title="bbox 889 1823 1881 1895">
     <span class='ocr_line' id='line_1_14' title="bbox 889 1823 1881 1895; baseline 0.001 -20"><span class='ocrx_word' id='word_1_81' title='bbox 889 1828 970 1876; x_wconf 84' lang='grc'><strong>63.</strong></span> <span class='ocrx_word' id='word_1_82' title='bbox 1044 1826 1143 1893; x_wconf 91' lang='lat' dir='ltr'><strong>qui</strong></span> <span class='ocrx_word' id='word_1_83' title='bbox 1182 1826 1302 1894; x_wconf 68' lang='lat' dir='ltr'><strong>spr</strong></span> <span class='ocrx_word' id='word_1_84' title='bbox 1336 1825 1466 1893; x_wconf 89' lang='lat' dir='ltr'><strong>quis</strong></span> <span class='ocrx_word' id='word_1_85' title='bbox 1491 1843 1582 1895; x_wconf 80' lang='lat' dir='ltr'><strong>pm</strong></span> <span class='ocrx_word' id='word_1_86' title='bbox 1603 1823 1881 1877; x_wconf 72' lang='lat' dir='ltr'><strong>Biicloeler.</strong></span> 
     </span>
    </p>
   </div>
   <div class='ocr_carea' id='block_1_5' title="bbox 681 1979 2952 2394">
    <p class='ocr_par' dir='ltr' id='par_1_8' title="bbox 681 1979 2950 2207">
     <span class='ocr_line' id='line_1_15' title="bbox 893 1979 2949 2048; baseline 0.001 -17"><span class='ocrx_word' id='word_1_87' title='bbox 893 1983 974 2033; x_wconf 85' lang='lat'><strong>57.</strong></span> <span class='ocrx_word' id='word_1_88' title='bbox 1049 1979 1210 2036; x_wconf 86' lang='lat' dir='ltr'><strong>Ovid.</strong></span> <span class='ocrx_word' id='word_1_89' title='bbox 1236 1979 1328 2034; x_wconf 88' lang='lat' dir='ltr'><strong>Tr.</strong></span> <span class='ocrx_word' id='word_1_90' title='bbox 1357 1980 1384 2033; x_wconf 93' lang='lat'>1</span> <span class='ocrx_word' id='word_1_91' title='bbox 1414 1982 1459 2045; x_wconf 90' lang='lat'><strong>1,</strong></span> <span class='ocrx_word' id='word_1_92' title='bbox 1480 1981 1545 2031; x_wconf 87' lang='lat'><strong>39</strong></span> <span class='ocrx_word' id='word_1_93' title='bbox 1582 1980 1833 2034; x_wconf 86' lang='lat' dir='ltr'><strong>carmina</strong></span> <span class='ocrx_word' id='word_1_94' title='bbox 1855 1980 2202 2048; x_wconf 87' lang='lat' dir='ltr'><strong>proveniunt</strong></span> <span class='ocrx_word' id='word_1_95' title='bbox 2228 1981 2416 2035; x_wconf 82' lang='lat' dir='ltr'><strong>animo</strong></span> <span class='ocrx_word' id='word_1_96' title='bbox 2454 1980 2701 2036; x_wconf 81' lang='lat' dir='ltr'><strong>deducta</strong></span> <span class='ocrx_word' id='word_1_97' title='bbox 2735 1996 2949 2037; x_wconf 89' lang='lat' dir='ltr'><strong>sereno.</strong></span> 
     </span>
     <span class='ocr_line' id='line_1_16' title="bbox 681 2065 2950 2134; baseline 0.002 -16"><span class='ocrx_word' id='word_1_98' title='bbox 681 2070 743 2118; x_wconf 82' lang='lat'><strong>41</strong></span> <span class='ocrx_word' id='word_1_99' title='bbox 785 2067 1037 2122; x_wconf 81' lang='lat' dir='ltr'><strong>carmina</strong></span> <span class='ocrx_word' id='word_1_100' title='bbox 1073 2079 1355 2121; x_wconf 88' lang='lat' dir='ltr'><strong>secessum</strong></span> <span class='ocrx_word' id='word_1_101' title='bbox 1392 2065 1698 2121; x_wconf 82' lang='lat' dir='ltr'><strong>scribentis</strong></span> <span class='ocrx_word' id='word_1_102' title='bbox 1736 2071 1794 2119; x_wconf 93' lang='lat' dir='ltr'><strong>et</strong></span> <span class='ocrx_word' id='word_1_103' title='bbox 1820 2066 1940 2121; x_wconf 87' lang='lat' dir='ltr'><strong>otia</strong></span> <span class='ocrx_word' id='word_1_104' title='bbox 1964 2072 2257 2134; x_wconf 88' lang='lat' dir='ltr'><strong>quaerunt.</strong></span> <span class='ocrx_word' id='word_1_105' title='bbox 2307 2070 2372 2118; x_wconf 76' lang='grc'><strong>43</strong></span> <span class='ocrx_word' id='word_1_106' title='bbox 2399 2066 2743 2122; x_wconf 75' lang='lat' dir='ltr'><strong>carminibus</strong></span> <span class='ocrx_word' id='word_1_107' title='bbox 2766 2075 2950 2123; x_wconf 86' lang='lat' dir='ltr'><strong>metus</strong></span> 
     </span>
     <span class='ocr_line' id='line_1_17' title="bbox 684 2151 1079 2207; baseline -0.008 0"><span class='ocrx_word' id='word_1_108' title='bbox 684 2153 867 2207; x_wconf 87' lang='lat' dir='ltr'><strong>omnis</strong></span> <span class='ocrx_word' id='word_1_109' title='bbox 902 2151 1079 2207; x_wconf 91' lang='lat' dir='ltr'><strong>obest.</strong></span> 
     </span>
    </p>

    <p class='ocr_par' dir='ltr' id='par_1_9' title="bbox 888 2236 2361 2303">
     <span class='ocr_line' id='line_1_18' title="bbox 888 2236 2361 2303; baseline 0.002 -16"><span class='ocrx_word' id='word_1_110' title='bbox 888 2239 971 2289; x_wconf 85' lang='grc'><strong>59.</strong></span> <span class='ocrx_word' id='word_1_111' title='bbox 1045 2236 1237 2292; x_wconf 77' lang='lat' dir='ltr'><strong>Horat.</strong></span> <span class='ocrx_word' id='word_1_112' title='bbox 1267 2236 1326 2291; x_wconf 88' lang='lat' dir='ltr'><strong>C.</strong></span> <span class='ocrx_word' id='word_1_113' title='bbox 1355 2237 1444 2290; x_wconf 93' lang='lat' dir='ltr'><strong>III</strong></span> <span class='ocrx_word' id='word_1_114' title='bbox 1468 2241 1517 2303; x_wconf 83' lang='lat'><strong>4,</strong></span> <span class='ocrx_word' id='word_1_115' title='bbox 1543 2240 1610 2288; x_wconf 82' lang='lat'><strong>40</strong></span> <span class='ocrx_word' id='word_1_116' title='bbox 1647 2236 1837 2291; x_wconf 88' lang='lat' dir='ltr'><strong>Pierio</strong></span> <span class='ocrx_word' id='word_1_117' title='bbox 1873 2238 2143 2293; x_wconf 82' lang='lat' dir='ltr'><strong>recreatis</strong></span> <span class='ocrx_word' id='word_1_118' title='bbox 2180 2243 2361 2293; x_wconf 88' lang='lat' dir='ltr'><strong>antro.</strong></span> 
     </span>
    </p>

    <p class='ocr_par' dir='ltr' id='par_1_10' title="bbox 889 2320 2952 2394">
     <span class='ocr_line' id='line_1_19' title="bbox 889 2320 2952 2394; baseline 0 -19"><span class='ocrx_word' id='word_1_119' title='bbox 889 2325 971 2375; x_wconf 85' lang='lat'><strong>62.</strong></span> <span class='ocrx_word' id='word_1_120' title='bbox 1043 2323 1238 2377; x_wconf 86' lang='lat' dir='ltr'><strong>Horat.</strong></span> <span class='ocrx_word' id='word_1_121' title='bbox 1253 2321 1312 2377; x_wconf 85' lang='lat' dir='ltr'><strong>C.</strong></span> <span class='ocrx_word' id='word_1_122' title='bbox 1327 2322 1388 2376; x_wconf 90' lang='lat'><strong>11</strong></span> <span class='ocrx_word' id='word_1_123' title='bbox 1413 2324 1536 2387; x_wconf 86' lang='grc'><strong>19,5</strong></span> <span class='ocrx_word' id='word_1_124' title='bbox 1567 2329 1756 2378; x_wconf 89' lang='lat' dir='ltr'><strong>unten.</strong></span> <span class='ocrx_word' id='word_1_125' title='bbox 1807 2320 1997 2391; x_wconf 86' lang='lat' dir='ltr'><strong>Apoll.</strong></span> <span class='ocrx_word' id='word_1_126' title='bbox 2016 2323 2210 2378; x_wconf 85' lang='lat' dir='ltr'><strong>Sidon.</strong></span> <span class='ocrx_word' id='word_1_127' title='bbox 2222 2323 2515 2394; x_wconf 81' lang='lat' dir='ltr'><strong>Epp.V111</strong></span> <span class='ocrx_word' id='word_1_128' title='bbox 2536 2326 2627 2389; x_wconf 85' lang='grc'><strong>9,1</strong></span> <span class='ocrx_word' id='word_1_129' title='bbox 2656 2322 2952 2387; x_wconf 68' lang='lat' dir='ltr'><strong>{s.Citate).</strong></span> 
     </span>
    </p>
   </div>
   <div class='ocr_carea' id='block_1_6' title="bbox 689 2430 1092 2439">
    <p class='ocr_par' dir='ltr' id='par_1_11' title="bbox 689 2430 1092 2439">
     <span class='ocr_line' id='line_1_20' title="bbox 689 2430 1092 2439; baseline 0 2636"><span class='ocrx_word' id='word_1_130' title='bbox 689 2430 1092 2439; x_wconf 95' lang='lat' dir='ltr'><strong> </strong></span> 
     </span>
    </p>
   </div>
   <div class='ocr_carea' id='block_1_7' title="bbox 680 2476 2955 2793">
    <p class='ocr_par' dir='ltr' id='par_1_12' title="bbox 680 2476 2953 2628">
     <span class='ocr_line' id='line_1_21' title="bbox 821 2476 2953 2546; baseline 0.001 -16"><span class='ocrx_word' id='word_1_131' title='bbox 821 2482 901 2534; x_wconf 87' lang='lat'><strong>56.</strong></span> <span class='ocrx_word' id='word_1_132' title='bbox 974 2478 1246 2533; x_wconf 81' lang='lat' dir='ltr'><strong>Priscian.</strong></span> <span class='ocrx_word' id='word_1_133' title='bbox 1282 2476 1484 2532; x_wconf 86' lang='lat' dir='ltr'><strong>XVIII</strong></span> <span class='ocrx_word' id='word_1_134' title='bbox 1522 2480 1603 2544; x_wconf 87' lang='grc'><strong>29,</strong></span> <span class='ocrx_word' id='word_1_135' title='bbox 1631 2479 1724 2529; x_wconf 86' lang='grc'><strong>291</strong></span> <span class='ocrx_word' id='word_1_136' title='bbox 1779 2476 1943 2534; x_wconf 80' lang='lat' dir='ltr'><strong>GLK.</strong></span> <span class='ocrx_word' id='word_1_137' title='bbox 1982 2479 2069 2532; x_wconf 94' lang='lat' dir='ltr'><strong>III</strong></span> <span class='ocrx_word' id='word_1_138' title='bbox 2104 2482 2220 2546; x_wconf 83' lang='lat'><strong>363,</strong></span> <span class='ocrx_word' id='word_1_139' title='bbox 2249 2481 2308 2530; x_wconf 87' lang='grc'><strong>21</strong></span> <span class='ocrx_word' id='word_1_140' title='bbox 2365 2478 2672 2544; x_wconf 86' lang='lat' dir='ltr'><strong>(Iuvenalis</strong></span> <span class='ocrx_word' id='word_1_141' title='bbox 2720 2480 2784 2533; x_wconf 90' lang='lat' dir='ltr'><strong>in</strong></span> <span class='ocrx_word' id='word_1_142' title='bbox 2830 2479 2953 2534; x_wconf 84' lang='lat'>111:</span> 
     </span>
     <span class='ocr_line' id='line_1_22' title="bbox 680 2566 1224 2628; baseline -0.009 -7"><span class='ocrx_word' id='word_1_143' title='bbox 680 2566 830 2621; x_wconf 88' lang='lat' dir='ltr'><strong>hunc</strong></span> <span class='ocrx_word' id='word_1_144' title='bbox 864 2594 932 2604; x_wconf 97' lang='lat'><strong>—</strong></span> <span class='ocrx_word' id='word_1_145' title='bbox 971 2567 1224 2628; x_wconf 79' lang='lat' dir='ltr'><strong>tantum).</strong></span> 
     </span>
    </p>

    <p class='ocr_par' dir='ltr' id='par_1_13' title="bbox 681 2648 2955 2793">
     <span class='ocr_line' id='line_1_23' title="bbox 819 2648 2955 2720; baseline 0.001 -17"><span class='ocrx_word' id='word_1_146' title='bbox 819 2651 902 2703; x_wconf 87' lang='grc'><strong>62.</strong></span> <span class='ocrx_word' id='word_1_147' title='bbox 974 2649 1164 2720; x_wconf 85' lang='lat' dir='ltr'><strong>Apoll.</strong></span> <span class='ocrx_word' id='word_1_148' title='bbox 1192 2650 1385 2706; x_wconf 91' lang='lat' dir='ltr'><strong>Sidon.</strong></span> <span class='ocrx_word' id='word_1_149' title='bbox 1411 2651 1551 2720; x_wconf 87' lang='lat' dir='ltr'><strong>Epp.</strong></span> <span class='ocrx_word' id='word_1_150' title='bbox 1577 2648 1725 2705; x_wconf 86' lang='lat' dir='ltr'><strong>VIII</strong></span> <span class='ocrx_word' id='word_1_151' title='bbox 1750 2651 1843 2704; x_wconf 85' lang='lat'><strong>91:</strong></span> <span class='ocrx_word' id='word_1_152' title='bbox 1894 2651 2031 2719; x_wconf 86' lang='lat' dir='ltr'><strong>quia</strong></span> <span class='ocrx_word' id='word_1_153' title='bbox 2073 2649 2313 2706; x_wconf 84' lang='lat' dir='ltr'><strong>forsitan</strong></span> <span class='ocrx_word' id='word_1_154' title='bbox 2356 2651 2647 2706; x_wconf 85' lang='lat' dir='ltr'><strong>satiricum</strong></span> <span class='ocrx_word' id='word_1_155' title='bbox 2692 2650 2834 2706; x_wconf 88' lang='lat' dir='ltr'><strong>illud</strong></span> <span class='ocrx_word' id='word_1_156' title='bbox 2881 2651 2955 2706; x_wconf 91' lang='lat' dir='ltr'><strong>de</strong></span> 
     </span>
     <span class='ocr_line' id='line_1_24' title="bbox 681 2732 2675 2793; baseline -0.001 -1"><span class='ocrx_word' id='word_1_157' title='bbox 681 2737 917 2792; x_wconf 87' lang='lat' dir='ltr'><strong>satirico</strong></span> <span class='ocrx_word' id='word_1_158' title='bbox 952 2752 1069 2791; x_wconf 91' lang='lat' dir='ltr'><strong>non</strong></span> <span class='ocrx_word' id='word_1_159' title='bbox 1102 2736 1442 2792; x_wconf 87' lang='lat' dir='ltr'><strong>recordaris:</strong></span> <span class='ocrx_word' id='word_1_160' title='bbox 1481 2742 1638 2792; x_wconf 80' lang='lat' dir='ltr'><strong>satur</strong></span> <span class='ocrx_word' id='word_1_161' title='bbox 1673 2743 1761 2792; x_wconf 91' lang='lat' dir='ltr'><strong>est</strong></span> <span class='ocrx_word' id='word_1_162' title='bbox 1796 2753 1922 2791; x_wconf 91' lang='lat' dir='ltr'><strong>cum</strong></span> <span class='ocrx_word' id='word_1_163' title='bbox 1959 2737 2105 2793; x_wconf 88' lang='lat' dir='ltr'><strong>dicit</strong></span> <span class='ocrx_word' id='word_1_164' title='bbox 2140 2736 2411 2792; x_wconf 82' lang='lat' dir='ltr'><strong>Horatius</strong></span> <span class='ocrx_word' id='word_1_165' title='bbox 2447 2732 2675 2791; x_wconf 89' lang='lat' dir='ltr'><strong>‘euhoe&#39;.</strong></span> 
     </span>
    </p>
   </div>
   <div class='ocr_carea' id='block_1_8' title="bbox 689 2834 1085 2844">
    <p class='ocr_par' dir='ltr' id='par_1_14' title="bbox 689 2834 1085 2844">
     <span class='ocr_line' id='line_1_25' title="bbox 689 2834 1085 2844; baseline 0 0"><span class='ocrx_word' id='word_1_166' title='bbox 689 2834 1085 2844; x_wconf 95' lang='lat' dir='ltr'><strong> </strong></span> 
     </span>
    </p>
   </div>
   <div class='ocr_carea' id='block_1_9' title="bbox 677 2872 2957 4232">
    <p class='ocr_par' dir='ltr' id='par_1_15' title="bbox 682 2872 2956 3030">
     <span class='ocr_line' id='line_1_26' title="bbox 819 2872 2956 2943; baseline 0.003 -17"><span class='ocrx_word' id='word_1_167' title='bbox 819 2876 901 2927; x_wconf 84' lang='grc'><strong>56.</strong></span> <span class='ocrx_word' id='word_1_168' title='bbox 974 2891 1128 2943; x_wconf 72' lang='lat' dir='ltr'><strong>quem</strong></span> <span class='ocrx_word' id='word_1_169' title='bbox 1163 2901 1231 2910; x_wconf 90' lang='lat'>—</span> <span class='ocrx_word' id='word_1_170' title='bbox 1264 2872 1433 2927; x_wconf 65' lang='lat' dir='ltr'><strong>sentio</strong></span> <span class='ocrx_word' id='word_1_171' title='bbox 1469 2877 1691 2927; x_wconf 59' lang='lat' dir='ltr'><strong>tarnum.</strong></span> <span class='ocrx_word' id='word_1_172' title='bbox 1768 2874 1886 2930; x_wconf 81' lang='lat' dir='ltr'><strong>Cic.</strong></span> <span class='ocrx_word' id='word_1_173' title='bbox 1922 2873 2010 2928; x_wconf 90' lang='lat' dir='ltr'><strong>Or.</strong></span> <span class='ocrx_word' id='word_1_174' title='bbox 2036 2877 2068 2937; x_wconf 62' lang='lat' dir='ltr'><strong>g</strong></span> <span class='ocrx_word' id='word_1_175' title='bbox 2101 2875 2165 2924; x_wconf 86' lang='grc'><strong>23</strong></span> <span class='ocrx_word' id='word_1_176' title='bbox 2216 2873 2292 2928; x_wconf 80' lang='lat' dir='ltr'><strong>ad</strong></span> <span class='ocrx_word' id='word_1_177' title='bbox 2337 2889 2461 2930; x_wconf 86' lang='lat' dir='ltr'><strong>eam</strong></span> <span class='ocrx_word' id='word_1_178' title='bbox 2507 2890 2676 2943; x_wconf 88' lang='lat' dir='ltr'><strong>quam</strong></span> <span class='ocrx_word' id='word_1_179' title='bbox 2711 2877 2956 2932; x_wconf 86' lang='lat' dir='ltr'><strong>sentiam</strong></span> 
     </span>
     <span class='ocr_line' id='line_1_27' title="bbox 682 2959 2539 3030; baseline -0.002 -14"><span class='ocrx_word' id='word_1_180' title='bbox 682 2960 1083 3030; x_wconf 86' lang='lat' dir='ltr'><strong>eloquentiam,</strong></span> <span class='ocrx_word' id='word_1_181' title='bbox 1119 2974 1232 3013; x_wconf 90' lang='lat' dir='ltr'><strong>non</strong></span> <span class='ocrx_word' id='word_1_182' title='bbox 1267 2959 1341 3014; x_wconf 90' lang='lat' dir='ltr'><strong>ad</strong></span> <span class='ocrx_word' id='word_1_183' title='bbox 1377 2974 1501 3015; x_wconf 88' lang='lat' dir='ltr'><strong>eam</strong></span> <span class='ocrx_word' id='word_1_184' title='bbox 1538 2975 1706 3028; x_wconf 83' lang='lat' dir='ltr'><strong>quam</strong></span> <span class='ocrx_word' id='word_1_185' title='bbox 1743 2959 1804 3013; x_wconf 90' lang='lat' dir='ltr'><strong>in</strong></span> <span class='ocrx_word' id='word_1_186' title='bbox 1847 2959 1963 3014; x_wconf 84' lang='lat' dir='ltr'><strong>alio</strong></span> <span class='ocrx_word' id='word_1_187' title='bbox 2001 2960 2124 3027; x_wconf 87' lang='lat' dir='ltr'><strong>ipse</strong></span> <span class='ocrx_word' id='word_1_188' title='bbox 2160 2961 2539 3029; x_wconf 75' lang='lat' dir='ltr'><strong>cognoverim.</strong></span> 
     </span>
    </p>

    <p class='ocr_par' dir='ltr' id='par_1_16' title="bbox 677 3044 2957 3282">
     <span class='ocr_line' id='line_1_28' title="bbox 819 3044 2957 3117; baseline 0.003 -20"><span class='ocrx_word' id='word_1_189' title='bbox 819 3048 901 3098; x_wconf 84' lang='lat'><strong>57.</strong></span> <span class='ocrx_word' id='word_1_190' title='bbox 974 3048 1243 3098; x_wconf 72' lang='lat' dir='ltr'><strong>anxietate</strong></span> <span class='ocrx_word' id='word_1_191' title='bbox 1279 3062 1468 3099; x_wconf 59' lang='lat' dir='ltr'><strong>carens</strong></span> <span class='ocrx_word' id='word_1_192' title='bbox 1502 3045 1712 3098; x_wconf 73' lang='lat' dir='ltr'><strong>animus</strong></span> <span class='ocrx_word' id='word_1_193' title='bbox 1735 3044 1904 3117; x_wconf 77' lang='lat' dir='ltr'><strong>facit.</strong></span> <span class='ocrx_word' id='word_1_194' title='bbox 1975 3044 2464 3101; x_wconf 81' lang='lat' dir='ltr'><strong>Wahrscheinlich</strong></span> <span class='ocrx_word' id='word_1_195' title='bbox 2498 3045 2798 3112; x_wconf 80' lang='lat' dir='ltr'><strong>sohwobte‚</strong></span> <span class='ocrx_word' id='word_1_196' title='bbox 2844 3048 2957 3104; x_wconf 79' lang='lat' dir='ltr'><strong>wie</strong></span> 
     </span>
     <span class='ocr_line' id='line_1_29' title="bbox 677 3128 2952 3199; baseline -0.001 -13"><span class='ocrx_word' id='word_1_197' title='bbox 677 3132 866 3186; x_wconf 84' lang='lat' dir='ltr'><strong>Lewis</strong></span> <span class='ocrx_word' id='word_1_198' title='bbox 924 3130 1205 3196; x_wconf 83' lang='lat' dir='ltr'><strong>bemerkt‚</strong></span> <span class='ocrx_word' id='word_1_199' title='bbox 1267 3129 1393 3185; x_wconf 89' lang='lat' dir='ltr'><strong>dem</strong></span> <span class='ocrx_word' id='word_1_200' title='bbox 1449 3128 1701 3186; x_wconf 81' lang='lat' dir='ltr'><strong>Juvenal</strong></span> <span class='ocrx_word' id='word_1_201' title='bbox 1759 3131 1854 3187; x_wconf 91' lang='lat' dir='ltr'><strong>die</strong></span> <span class='ocrx_word' id='word_1_202' title='bbox 1910 3131 2086 3187; x_wconf 89' lang='lat' dir='ltr'><strong>Stelle</strong></span> <span class='ocrx_word' id='word_1_203' title='bbox 2141 3130 2302 3186; x_wconf 88' lang='lat' dir='ltr'><strong>Ovid.</strong></span> <span class='ocrx_word' id='word_1_204' title='bbox 2350 3130 2520 3187; x_wconf 87' lang='lat' dir='ltr'><strong>Trist.</strong></span> <span class='ocrx_word' id='word_1_205' title='bbox 2558 3131 2588 3186; x_wconf 90' lang='lat'>1</span> <span class='ocrx_word' id='word_1_206' title='bbox 2638 3135 2692 3199; x_wconf 89' lang='lat'><strong>1,</strong></span> <span class='ocrx_word' id='word_1_207' title='bbox 2731 3135 2952 3184; x_wconf 76' lang='grc'><strong>39-43</strong></span> 
     </span>
     <span class='ocr_line' id='line_1_30' title="bbox 680 3217 1016 3282; baseline -0.018 -7"><span class='ocrx_word' id='word_1_208' title='bbox 680 3217 861 3282; x_wconf 89' lang='lat' dir='ltr'><strong>(oben)</strong></span> <span class='ocrx_word' id='word_1_209' title='bbox 898 3232 1016 3270; x_wconf 84' lang='lat' dir='ltr'><strong>vor.</strong></span> 
     </span>
    </p>

    <p class='ocr_par' dir='ltr' id='par_1_17' title="bbox 682 3299 2952 3458">
     <span class='ocr_line' id='line_1_31' title="bbox 818 3299 2952 3374; baseline 0.002 -20"><span class='ocrx_word' id='word_1_210' title='bbox 818 3301 989 3355; x_wconf 73' lang='lat' dir='ltr'><strong>omnio</strong></span> <span class='ocrx_word' id='word_1_211' title='bbox 1047 3301 1228 3355; x_wconf 78' lang='lat' dir='ltr'><strong>acerbi</strong></span> <span class='ocrx_word' id='word_1_212' title='bbox 1277 3299 1595 3370; x_wconf 75' lang='lat' dir='ltr'><strong>Inpatiem:</strong></span> <span class='ocrx_word' id='word_1_213' title='bbox 1669 3301 1858 3357; x_wconf 86' lang='lat' dir='ltr'><strong>nicbts</strong></span> <span class='ocrx_word' id='word_1_214' title='bbox 1911 3303 2131 3359; x_wconf 91' lang='lat' dir='ltr'><strong>Herbes</strong></span> <span class='ocrx_word' id='word_1_215' title='bbox 2196 3304 2569 3374; x_wconf 88' lang='lat' dir='ltr'><strong>empfindend.</strong></span> <span class='ocrx_word' id='word_1_216' title='bbox 2668 3302 2952 3359; x_wconf 85' lang='lat' dir='ltr'><strong>Aehnlich</strong></span> 
     </span>
     <span class='ocr_line' id='line_1_32' title="bbox 682 3388 2383 3458; baseline 0.001 -16"><span class='ocrx_word' id='word_1_217' title='bbox 682 3389 901 3444; x_wconf 83' lang='lat' dir='ltr'><strong>Seneca</strong></span> <span class='ocrx_word' id='word_1_218' title='bbox 935 3388 1077 3456; x_wconf 89' lang='lat' dir='ltr'><strong>Epp.</strong></span> <span class='ocrx_word' id='word_1_219' title='bbox 1104 3390 1152 3452; x_wconf 84' lang='lat'><strong>9,</strong></span> <span class='ocrx_word' id='word_1_220' title='bbox 1185 3389 1206 3437; x_wconf 94' lang='lat'>1</span> <span class='ocrx_word' id='word_1_221' title='bbox 1248 3403 1523 3442; x_wconf 89' lang='lat' dir='ltr'><strong>summum</strong></span> <span class='ocrx_word' id='word_1_222' title='bbox 1557 3388 1770 3443; x_wconf 90' lang='lat' dir='ltr'><strong>bonum</strong></span> <span class='ocrx_word' id='word_1_223' title='bbox 1806 3389 2027 3443; x_wconf 88' lang='lat' dir='ltr'><strong>animus</strong></span> <span class='ocrx_word' id='word_1_224' title='bbox 2065 3390 2383 3458; x_wconf 82' lang='lat' dir='ltr'><strong>impatiens.</strong></span> 
     </span>
    </p>

    <p class='ocr_par' dir='ltr' id='par_1_18' title="bbox 679 3472 2955 3972">
     <span class='ocr_line' id='line_1_33' title="bbox 820 3472 2955 3541; baseline 0.004 -18"><span class='ocrx_word' id='word_1_225' title='bbox 820 3475 899 3524; x_wconf 83' lang='lat'><strong>58.</strong></span> <span class='ocrx_word' id='word_1_226' title='bbox 974 3472 1198 3541; x_wconf 73' lang='lat' dir='ltr'><strong>cupidus</strong></span> <span class='ocrx_word' id='word_1_227' title='bbox 1232 3472 1504 3526; x_wconf 79' lang='lat' dir='ltr'><strong>silvarum.</strong></span> <span class='ocrx_word' id='word_1_228' title='bbox 1561 3474 1793 3531; x_wconf 73' lang='lat' dir='ltr'><strong>Wiilder</strong></span> <span class='ocrx_word' id='word_1_229' title='bbox 1828 3476 1945 3531; x_wconf 89' lang='lat' dir='ltr'><strong>und</strong></span> <span class='ocrx_word' id='word_1_230' title='bbox 1970 3476 2156 3531; x_wconf 88' lang='lat' dir='ltr'><strong>Haine</strong></span> <span class='ocrx_word' id='word_1_231' title='bbox 2192 3476 2419 3531; x_wconf 80' lang='lat' dir='ltr'><strong>werden</strong></span> <span class='ocrx_word' id='word_1_232' title='bbox 2455 3474 2540 3530; x_wconf 81' lang='lat' dir='ltr'><strong>oft</strong></span> <span class='ocrx_word' id='word_1_233' title='bbox 2574 3475 2658 3530; x_wconf 89' lang='lat' dir='ltr'><strong>als</strong></span> <span class='ocrx_word' id='word_1_234' title='bbox 2683 3474 2955 3532; x_wconf 82' lang='lat' dir='ltr'><strong>Geburts·</strong></span> 
     </span>
     <span class='ocr_line' id='line_1_34' title="bbox 681 3557 2953 3632; baseline 0 -18"><span class='ocrx_word' id='word_1_235' title='bbox 681 3563 854 3614; x_wconf 63' lang='lat' dir='ltr'><strong>statte</strong></span> <span class='ocrx_word' id='word_1_236' title='bbox 890 3558 989 3613; x_wconf 92' lang='lat' dir='ltr'><strong>der</strong></span> <span class='ocrx_word' id='word_1_237' title='bbox 1023 3557 1320 3627; x_wconf 81' lang='lat' dir='ltr'><strong>Dichtung·</strong></span> <span class='ocrx_word' id='word_1_238' title='bbox 1353 3567 1607 3627; x_wconf 83' lang='lat' dir='ltr'><strong>genannt</strong></span> <span class='ocrx_word' id='word_1_239' title='bbox 1644 3560 1791 3624; x_wconf 86' lang='lat' dir='ltr'><strong>(Tac.</strong></span> <span class='ocrx_word' id='word_1_240' title='bbox 1826 3560 1975 3614; x_wconf 87' lang='lat' dir='ltr'><strong>Dial.</strong></span> <span class='ocrx_word' id='word_1_241' title='bbox 2015 3564 2046 3613; x_wconf 84' lang='lat'>9</span> <span class='ocrx_word' id='word_1_242' title='bbox 2072 3560 2107 3615; x_wconf 85' lang='lat' dir='ltr'><strong>f.</strong></span> <span class='ocrx_word' id='word_1_243' title='bbox 2146 3561 2336 3632; x_wconf 87' lang='lat' dir='ltr'><strong>poetis</strong></span> <span class='ocrx_word' id='word_1_244' title='bbox 2370 3590 2441 3601; x_wconf 90' lang='lat'>—</span> <span class='ocrx_word' id='word_1_245' title='bbox 2485 3568 2551 3616; x_wconf 88' lang='lat' dir='ltr'><strong>ut</strong></span> <span class='ocrx_word' id='word_1_246' title='bbox 2586 3561 2698 3631; x_wconf 87' lang='lat' dir='ltr'><strong>ipsi</strong></span> <span class='ocrx_word' id='word_1_247' title='bbox 2735 3561 2953 3628; x_wconf 85' lang='lat' dir='ltr'><strong>dicunt,</strong></span> 
     </span>
     <span class='ocr_line' id='line_1_35' title="bbox 683 3644 2950 3722; baseline -0 -22"><span class='ocrx_word' id='word_1_248' title='bbox 683 3647 743 3700; x_wconf 90' lang='lat' dir='ltr'><strong>in</strong></span> <span class='ocrx_word' id='word_1_249' title='bbox 777 3659 1009 3700; x_wconf 88' lang='lat' dir='ltr'><strong>nemora</strong></span> <span class='ocrx_word' id='word_1_250' title='bbox 1044 3651 1103 3698; x_wconf 89' lang='lat' dir='ltr'><strong>et</strong></span> <span class='ocrx_word' id='word_1_251' title='bbox 1136 3644 1314 3712; x_wconf 89' lang='lat' dir='ltr'><strong>lucos,</strong></span> <span class='ocrx_word' id='word_1_252' title='bbox 1352 3644 1414 3698; x_wconf 90' lang='lat' dir='ltr'><strong>id</strong></span> <span class='ocrx_word' id='word_1_253' title='bbox 1438 3653 1525 3701; x_wconf 90' lang='lat' dir='ltr'><strong>est</strong></span> <span class='ocrx_word' id='word_1_254' title='bbox 1550 3646 1610 3700; x_wconf 88' lang='lat' dir='ltr'><strong>in</strong></span> <span class='ocrx_word' id='word_1_255' title='bbox 1635 3646 2004 3703; x_wconf 81' lang='lat' dir='ltr'><strong>solitudinem</strong></span> <span class='ocrx_word' id='word_1_256' title='bbox 2029 3647 2408 3722; x_wconf 87' lang='lat' dir='ltr'><strong>secedendum</strong></span> <span class='ocrx_word' id='word_1_257' title='bbox 2435 3652 2534 3703; x_wconf 89' lang='lat' dir='ltr'><strong>est.</strong></span> <span class='ocrx_word' id='word_1_258' title='bbox 2584 3647 2778 3702; x_wconf 80' lang='lat' dir='ltr'><strong>Horat.</strong></span> <span class='ocrx_word' id='word_1_259' title='bbox 2802 3648 2950 3716; x_wconf 88' lang='lat' dir='ltr'><strong>Epp.</strong></span> 
     </span>
     <span class='ocr_line' id='line_1_36' title="bbox 682 3731 2953 3802; baseline -0 -15"><span class='ocrx_word' id='word_1_260' title='bbox 682 3732 742 3787; x_wconf 93' lang='lat'><strong>11</strong></span> <span class='ocrx_word' id='word_1_261' title='bbox 766 3733 814 3798; x_wconf 88' lang='lat'><strong>2,</strong></span> <span class='ocrx_word' id='word_1_262' title='bbox 841 3733 906 3782; x_wconf 84' lang='lat'><strong>77</strong></span> <span class='ocrx_word' id='word_1_263' title='bbox 945 3732 1283 3799; x_wconf 86' lang='lat' dir='ltr'><strong>scriptorum</strong></span> <span class='ocrx_word' id='word_1_264' title='bbox 1320 3731 1524 3787; x_wconf 88' lang='lat' dir='ltr'><strong>chorus</strong></span> <span class='ocrx_word' id='word_1_265' title='bbox 1560 3734 1744 3788; x_wconf 89' lang='lat' dir='ltr'><strong>omnis</strong></span> <span class='ocrx_word' id='word_1_266' title='bbox 1781 3739 1931 3788; x_wconf 88' lang='lat' dir='ltr'><strong>amat</strong></span> <span class='ocrx_word' id='word_1_267' title='bbox 1976 3748 2174 3789; x_wconf 88' lang='lat' dir='ltr'><strong>nemus</strong></span> <span class='ocrx_word' id='word_1_268' title='bbox 2218 3741 2277 3789; x_wconf 92' lang='lat' dir='ltr'><strong>et</strong></span> <span class='ocrx_word' id='word_1_269' title='bbox 2321 3732 2473 3802; x_wconf 83' lang='lat' dir='ltr'><strong>fugit</strong></span> <span class='ocrx_word' id='word_1_270' title='bbox 2518 3733 2699 3789; x_wconf 88' lang='lat' dir='ltr'><strong>urbes.</strong></span> <span class='ocrx_word' id='word_1_271' title='bbox 2782 3733 2953 3798; x_wconf 70' lang='lat' dir='ltr'><strong>Mota,</strong></span> 
     </span>
     <span class='ocr_line' id='line_1_37' title="bbox 679 3817 2951 3887; baseline -0 -13"><span class='ocrx_word' id='word_1_272' title='bbox 679 3817 1062 3887; x_wconf 84' lang='lat' dir='ltr'><strong>Empfindung</strong></span> <span class='ocrx_word' id='word_1_273' title='bbox 1098 3817 1197 3872; x_wconf 88' lang='lat' dir='ltr'><strong>der</strong></span> <span class='ocrx_word' id='word_1_274' title='bbox 1230 3817 1713 3875; x_wconf 74' lang='lat' dir='ltr'><strong>Naturschonheit</strong></span> <span class='ocrx_word' id='word_1_275' title='bbox 1748 3818 1802 3873; x_wconf 85' lang='lat' dir='ltr'><strong>S.</strong></span> <span class='ocrx_word' id='word_1_276' title='bbox 1831 3822 1895 3870; x_wconf 83' lang='lat'><strong>78</strong></span> <span class='ocrx_word' id='word_1_277' title='bbox 1922 3820 1994 3885; x_wconf 84' lang='lat' dir='ltr'><strong>ff.)</strong></span> <span class='ocrx_word' id='word_1_278' title='bbox 2042 3820 2218 3875; x_wconf 82' lang='lat' dir='ltr'><strong>sowie</strong></span> <span class='ocrx_word' id='word_1_279' title='bbox 2264 3819 2364 3875; x_wconf 92' lang='lat' dir='ltr'><strong>der</strong></span> <span class='ocrx_word' id='word_1_280' title='bbox 2400 3818 2714 3875; x_wconf 81' lang='lat' dir='ltr'><strong>Godanken</strong></span> <span class='ocrx_word' id='word_1_281' title='bbox 2758 3818 2861 3875; x_wconf 86' lang='lat' dir='ltr'><strong>SG.</strong></span> <span class='ocrx_word' id='word_1_282' title='bbox 2889 3818 2951 3873; x_wconf 90' lang='lat'><strong>11</strong></span> 
     </span>
     <span class='ocr_line' id='line_1_38' title="bbox 686 3907 874 3972; baseline 0 -16"><span class='ocrx_word' id='word_1_283' title='bbox 686 3907 800 3972; x_wconf 82' lang='lat'>198,</span> <span class='ocrx_word' id='word_1_284' title='bbox 826 3907 874 3957; x_wconf 82' lang='lat' dir='ltr'><strong>e.</strong></span> 
     </span>
    </p>

    <p class='ocr_par' dir='ltr' id='par_1_19' title="bbox 817 3989 2879 4061">
     <span class='ocr_line' id='line_1_39' title="bbox 817 3989 2879 4061; baseline -0.001 -16"><span class='ocrx_word' id='word_1_285' title='bbox 817 3995 1078 4060; x_wconf 73' lang='lat' dir='ltr'><strong>aptusque</strong></span> <span class='ocrx_word' id='word_1_286' title='bbox 1112 3989 1351 4044; x_wconf 70' lang='lat' dir='ltr'><strong>bibendis</strong></span> <span class='ocrx_word' id='word_1_287' title='bbox 1375 3991 1639 4044; x_wconf 68' lang='lat' dir='ltr'><strong>Fontibus</strong></span> <span class='ocrx_word' id='word_1_288' title='bbox 1675 3991 1784 4046; x_wconf 82' lang='lat' dir='ltr'><strong>wie</strong></span> <span class='ocrx_word' id='word_1_289' title='bbox 1821 3990 2038 4047; x_wconf 81' lang='lat' dir='ltr'><strong>solibus</strong></span> <span class='ocrx_word' id='word_1_290' title='bbox 2074 3998 2269 4060; x_wconf 88' lang='lat' dir='ltr'><strong>aptum</strong></span> <span class='ocrx_word' id='word_1_291' title='bbox 2306 3991 2439 4046; x_wconf 89' lang='lat' dir='ltr'><strong>Hor.</strong></span> <span class='ocrx_word' id='word_1_292' title='bbox 2464 3991 2606 4061; x_wconf 87' lang='lat' dir='ltr'><strong>Epp.</strong></span> <span class='ocrx_word' id='word_1_293' title='bbox 2635 3992 2663 4046; x_wconf 94' lang='grc' dir='ltr'>Ι</span> <span class='ocrx_word' id='word_1_294' title='bbox 2689 3993 2772 4057; x_wconf 89' lang='grc'><strong>20,</strong></span> <span class='ocrx_word' id='word_1_295' title='bbox 2798 3994 2879 4043; x_wconf 81' lang='grc'><strong>24.</strong></span> 
     </span>
    </p>

    <p class='ocr_par' dir='ltr' id='par_1_20' title="bbox 681 4072 2953 4232">
     <span class='ocr_line' id='line_1_40' title="bbox 817 4072 2953 4146; baseline 0.001 -17"><span class='ocrx_word' id='word_1_296' title='bbox 817 4078 900 4129; x_wconf 90' lang='grc'><strong>62.</strong></span> <span class='ocrx_word' id='word_1_297' title='bbox 973 4093 1091 4129; x_wconf 80' lang='lat' dir='ltr'><strong>cum</strong></span> <span class='ocrx_word' id='word_1_298' title='bbox 1127 4074 1259 4129; x_wconf 76' lang='lat' dir='ltr'><strong>dicit</strong></span> <span class='ocrx_word' id='word_1_299' title='bbox 1297 4077 1567 4130; x_wconf 72' lang='lat' dir='ltr'><strong>Horatius</strong></span> <span class='ocrx_word' id='word_1_300' title='bbox 1602 4072 1839 4129; x_wconf 74' lang='lat' dir='ltr'><strong>“euhoe&#39;&#39;.</strong></span> <span class='ocrx_word' id='word_1_301' title='bbox 1914 4077 2059 4132; x_wconf 87' lang='lat' dir='ltr'><strong>c.11</strong></span> <span class='ocrx_word' id='word_1_302' title='bbox 2102 4080 2180 4146; x_wconf 90' lang='grc'><strong>19,</strong></span> <span class='ocrx_word' id='word_1_303' title='bbox 2221 4080 2251 4128; x_wconf 84' lang='lat'>5</span> <span class='ocrx_word' id='word_1_304' title='bbox 2288 4077 2503 4144; x_wconf 84' lang='lat' dir='ltr'><strong>Euhoe,</strong></span> <span class='ocrx_word' id='word_1_305' title='bbox 2540 4078 2756 4133; x_wconf 89' lang='lat' dir='ltr'><strong>recenti</strong></span> <span class='ocrx_word' id='word_1_306' title='bbox 2791 4090 2953 4132; x_wconf 87' lang='lat' dir='ltr'><strong>mens</strong></span> 
     </span>
     <span class='ocr_line' id='line_1_41' title="bbox 681 4161 2953 4232; baseline 0 -14"><span class='ocrx_word' id='word_1_307' title='bbox 681 4162 934 4231; x_wconf 85' lang='lat' dir='ltr'><strong>trepidat</strong></span> <span class='ocrx_word' id='word_1_308' title='bbox 965 4167 1121 4216; x_wconf 90' lang='lat' dir='ltr'><strong>metu</strong></span> <span class='ocrx_word' id='word_1_309' title='bbox 1165 4161 1455 4232; x_wconf 91' lang='lat' dir='ltr'><strong>Plenoque</strong></span> <span class='ocrx_word' id='word_1_310' title='bbox 1498 4162 1709 4217; x_wconf 88' lang='lat' dir='ltr'><strong>Bacchi</strong></span> <span class='ocrx_word' id='word_1_311' title='bbox 1756 4171 1989 4232; x_wconf 84' lang='lat' dir='ltr'><strong>pectore</strong></span> <span class='ocrx_word' id='word_1_312' title='bbox 2036 4163 2322 4219; x_wconf 90' lang='lat' dir='ltr'><strong>turbidum</strong></span> <span class='ocrx_word' id='word_1_313' title='bbox 2371 4164 2654 4220; x_wconf 82' lang='lat' dir='ltr'><strong>Laetatur.</strong></span> <span class='ocrx_word' id='word_1_314' title='bbox 2734 4162 2953 4231; x_wconf 86' lang='lat' dir='ltr'><strong>Euhoe,</strong></span> 
     </span>
    </p>
   </div>
   <div class='ocr_carea' id='block_1_10' title="bbox 680 4247 2071 4404">
    <p class='ocr_par' dir='ltr' id='par_1_21' title="bbox 680 4247 2071 4404">
     <span class='ocr_line' id='line_1_42' title="bbox 680 4247 2071 4320; baseline -0.001 -18"><span class='ocrx_word' id='word_1_315' title='bbox 680 4264 851 4318; x_wconf 85' lang='lat' dir='ltr'><strong>parce</strong></span> <span class='ocrx_word' id='word_1_316' title='bbox 885 4247 1071 4314; x_wconf 85' lang='lat' dir='ltr'><strong>Liber,</strong></span> <span class='ocrx_word' id='word_1_317' title='bbox 1109 4248 1285 4304; x_wconf 85' lang='lat' dir='ltr'><strong>Parce</strong></span> <span class='ocrx_word' id='word_1_318' title='bbox 1320 4250 1484 4318; x_wconf 83' lang='lat' dir='ltr'><strong>gravi</strong></span> <span class='ocrx_word' id='word_1_319' title='bbox 1521 4250 1822 4305; x_wconf 89' lang='lat' dir='ltr'><strong>metuende</strong></span> <span class='ocrx_word' id='word_1_320' title='bbox 1860 4249 2071 4320; x_wconf 84' lang='lat' dir='ltr'><strong>thyrso.</strong></span> 
     </span>
     <span class='ocr_line' id='line_1_43' title="bbox 820 4335 1669 4404; baseline 0.001 -18"><span class='ocrx_word' id='word_1_321' title='bbox 820 4336 901 4386; x_wconf 82' lang='lat'><strong>63.</strong></span> <span class='ocrx_word' id='word_1_322' title='bbox 974 4335 1093 4404; x_wconf 76' lang='lat' dir='ltr'><strong>quis</strong></span> <span class='ocrx_word' id='word_1_323' title='bbox 1129 4336 1284 4387; x_wconf 71' lang='lat' dir='ltr'><strong>locu-5.</strong></span> <span class='ocrx_word' id='word_1_324' title='bbox 1360 4336 1440 4390; x_wconf 88' lang='lat' dir='ltr'><strong>Zu</strong></span> <span class='ocrx_word' id='word_1_325' title='bbox 1477 4336 1525 4402; x_wconf 82' lang='lat'><strong>6,</strong></span> <span class='ocrx_word' id='word_1_326' title='bbox 1552 4337 1669 4387; x_wconf 84' lang='lat'><strong>571.</strong></span> 
     </span>
    </p>
   </div>
  </div>
 </body>
</html>
