3334 5075
678 133 802 197 560
1496 129 1786 186 Iuvenalis
1820 133 2135 185 saturarum

853 307 1036 367 eurta
1076 300 1240 368 fides
1284 303 1570 386 patriae;
1619 303 1956 370 saturabat
1997 301 2307 386 glaebula
2349 301 2502 367 talis

847 422 1101 501 patrem
1146 416 1360 500 ipsum
1404 416 1790 499 turbamque
1833 434 2056 498 easaer
2094 435 2225 499 qua
2267 414 2406 482 feta
2448 415 2706 482 iacebat

847 548 1011 594 uxor
1056 534 1123 595 et
1166 527 1452 594 infantes
1496 527 1813 595 ludebant
1857 535 2176 612 quattuor,
2225 546 2393 594 unus

848 642 1138 721 vernula,
1188 648 1321 707 tres
1366 639 1627 722 domini,
1677 640 1798 707 sed
1840 641 2097 725 magnis
2141 639 2453 706 fratribus
2498 639 2724 705 horum

684 759 802 816 170
849 772 892 818 a
937 754 1162 819 serobe
1204 752 1312 820 vel
1358 755 1537 819 suleo
1582 752 2007 819 redeuntibus
2052 752 2263 819 altera
2307 770 2474 818 eena

847 866 1125 950 amplior
1168 873 1234 932 et
1275 864 1563 949 grandes
1607 864 1944 932 fumabant
1986 865 2273 950 pultibus
2318 863 2516 930 ollae:

847 998 1021 1044 nune
1063 976 1294 1043 modus
1338 976 1446 1043 hie
1491 977 1634 1061 agri
1680 985 1896 1043 nostro
1938 995 2067 1043 non
2114 976 2357 1043 suffieit
2400 976 2602 1043 horto.

845 1088 1001 1156 inde
1045 1089 1185 1157 fere
1228 1091 1545 1156 seelerum
1590 1108 1849 1174 eausae,
1897 1108 2019 1157 nee
2062 1090 2251 1173 plura
2292 1108 2550 1156 venena

844 1202 1106 1268 miseuit
1148 1210 1262 1269 aut
1306 1201 1477 1268 ferro
1519 1210 1856 1287 grassatur
1898 1202 2167 1288 saepius
2210 1203 2412 1268 ullum

684 1321 756 1376 17
765 1322 799 1377 5
848 1313 1175 1381 humanae
1218 1316 1455 1383 mentis
1499 1315 1730 1383 vitium
1775 1335 1970 1399 quam
2016 1333 2218 1381 saeva
2260 1314 2495 1399 eupido

843 1427 1153 1494 inmodici
1198 1445 1450 1493 eensus.
1542 1449 1694 1494 nam
1738 1426 1929 1494 dives
1973 1428 2086 1511 qui
2131 1426 2276 1494 fieri
2319 1426 2475 1509 vult,

844 1546 908 1605 et
952 1540 1079 1605 eito
1125 1539 1268 1607 vult
1309 1540 1483 1619 fieri3
1531 1538 1652 1606 sed
1697 1559 1864 1623 quae
1909 1539 2277 1606 reverentia
2316 1538 2555 1623 legum,

843 1652 993 1734 quis
1036 1659 1246 1719 metus
1289 1660 1405 1719 aut
1447 1651 1656 1737 pudor
1701 1660 1802 1719 est
1845 1671 2149 1736 umquam
2193 1652 2603 1736 properantis
2646 1650 2882 1715 avari?

840 1757 1067 1830 ‘vivite
1110 1766 1394 1831 contenti
1441 1766 1684 1831 casulis
1728 1772 1796 1832 et
1837 1764 2112 1831 eollibus
2156 1765 2318 1847 istis,

680 1882 797 1940 180
844 1896 882 1942 ο
926 1870 1133 1962 pueri’
1176 1877 1431 1944 Marsus
1476 1877 1735 1944 dieebat
1778 1885 1845 1944 et
1887 1878 2208 1944 Hernieus
2254 1878 2406 1944 olim

843 1988 1283 2071 Vestinusque
1327 2008 1528 2056 senex
1572 1984 1831 2075 ‘panem
1877 2008 2264 2072 quaeramus
2308 1995 2541 2071 aratr0,

847 2101 959 2184 qui
1004 2101 1164 2167 satis
1210 2109 1312 2168 est
1354 2103 1625 2182 mensis3
1673 2102 1946 2170 laudant
1988 2101 2111 2168 hoe
2155 2103 2423 2167 numina
2465 2100 2653 2182 ruris,

849 2231 1122 2295 quorum
1167 2234 1290 2299 ope
1336 2221 1402 2280 et
1445 2215 1692 2280 auxilio
1737 2221 1969 2299 gratae
2012 2221 2159 2300 post
2201 2231 2433 2279 munus
2479 2213 2721 2279 aristae

843 2327 1226 2409 eontingunt
1271 2326 1516 2393 homini
1563 2329 1808 2394 veteris
1853 2327 2121 2394 fastidia
2166 2346 2467 2411 quereus.

886 2551 997 2605 178.
1073 2553 1277 2609 modus
1314 2555 1501 2608 Herel.

887 2744 999 2795 171.
1069 2742 1309 2799 Martial.
1336 2743 1483 2798 XIII
1510 2746 1608 2809 8,1
1654 2743 1844 2799 imbue
1887 2742 2147 2813 plebeias
2181 2741 2431 2798 Clusinis
2473 2740 2730 2811 pultibus
2775 2740 2936 2796 ollas.

675 2934 759 3001 61,
786 2934 819 2984 5
856 2933 1039 2999 (turba
1072 2933 1329 3003 sospite).
1376 2933 1461 2988 Id.
1500 2933 1615 2988 XII
1650 2936 1732 2999 87,
1772 2934 1906 2986 2-3
1952 2947 2181 2989 vernam
2230 2932 2342 2998 Qui
2377 2931 2535 2988 solus
2569 2931 2730 3001 inopi
2767 2938 2946 2987 restat

675 3024 736 3075 et
768 3018 910 3077 facit
942 3019 1178 3076 turbam.

812 3109 925 3160 168.
967 3108 1080 3159 169.
1154 3123 1293 3159 unus
1331 3106 1580 3160 Vct-mla.
1639 3105 1784 3160 Plin.
1809 3105 1874 3162 N.
1899 3105 1951 3160 ιι,
1988 3104 2249 3161 XXXIII
2284 3108 2350 3159 26
2388 3106 2571 3171 (servi)
2606 3106 2763 3175 apud
2798 3105 2942 3160 anti·

673 3208 817 3263 quos
851 3193 1082 3264 singuli.
1141 3191 1251 3247 Prl.
1277 3194 1359 3257 20,
1387 3194 1430 3244 1.

815 3280 929 3332 169.
1002 3282 1110 3332 tres
1145 3277 1361 3331 amini.
1431 3276 1565 3334 Tae.
1605 3277 1755 3333 Dial.
1794 3278 1860 3329 29
1896 3293 2086 3334 eoram
2121 3276 2339 3334 infante
2374 3277 2620 3333 domino.

815 3366 928 3417 171.
997 3362 1257 3433 palmus.
1327 3363 1487 3420 Mart·
1514 3364 1660 3420 XIII
1687 3366 1720 3417 8
1756 3364 1919 3420 oben.
1987 3364 2171 3422 Ueber
2217 3364 2347 3435 puls
2395 3363 2480 3419 als
2528 3364 2760 3422 altestes
2794 3364 2941 3423 Nah-

672 3449 1031 3518 rnngsmittel
1067 3449 1175 3504 1²11.
1204 3452 1321 3517 298,
1346 3453 1380 3503 4
1418 3466 1471 3506 u.
1498 3454 1617 3518 415,
1643 3454 1692 3503 2.

819 3537 931 3588 174.
1002 3534 1187 3592 Ueber
1222 3536 1319 3593 die
1352 3537 1448 3594 bei
1484 3536 1732 3593 Juvenal
1767 3536 1991 3607 hliufige
2024 3537 2399 3608 Verbindung
2432 3553 2546 3594 von
2568 3536 2793 3594 Perfeet
2825 3537 2943 3593 und

677 3621 915 3679 Priisens
950 3638 1021 3678 zu
1060 3624 1105 3690 1,
1136 3624 1248 3675 157.

798 3711 966 3780 forro
997 3714 1290 3781 qrauawr.
1347 3709 1475 3780 Vgl.
1503 3712 1551 3777 3,
1577 3711 1695 3762 305.
1720 3708 1855 3764 Tae.
1879 3710 1947 3764 Η.
1973 3709 2062 3765 III
2090 3713 2156 3763 39
2179 3710 2400 3780 placuit
2420 3725 2642 3767 veneno
2677 3711 2940 3780 grassa-ri.

815 3797 1101 3849 180-181.
1174 3796 1667 3866 Reprsssentanten
1734 3796 1834 3852 der
1893 3795 2224 3852 lssndliehen
2281 3796 2670 3853 Einfaehheit:
2731 3798 2943 3853 Harser

676 3882 837 3947 (auch
874 3885 923 3949 3,
962 3886 1092 3949 169),
1142 3882 1424 3939 Herniker
1469 3884 1727 3954 (Kiepert
1770 3882 1824 3939 S.
1860 3887 1987 3950 4353
2032 3884 2349 3953 Hauptorte
2391 3883 2686 3953 Anagnia,
2738 3884 2943 3940 Feren-

671 3969 870 4035 tinum,
908 3969 1166 4035 Frusino,
1199 3968 1497 4037 Aletrium,
1521 3969 1803 4037 Verulae),
1828 3969 2095 4027 Vestiner
2128 3971 2384 4040 (Kiepert
2407 3970 2462 4027 S.
2489 3973 2619 4036 4153
2656 3970 2944 4040 Hauptort

669 4055 883 4123 Pinna).
967 4056 1109 4111 Eun.
1146 4056 1295 4113 Ann.
1334 4060 1435 4110 280
1478 4056 1665 4113 Marsa
1710 4073 1910 4113 manus
1943 4058 2183 4128 Peligna
2225 4057 2427 4114 cohors
2471 4056 2712 4113 Vestina
2757 4058 2941 4113 vitum

671 4142 775 4197 vis.
848 4141 948 4198 Sil.
975 4142 1121 4199 VIII
1149 4146 1422 4197 515-516
1458 4143 1702 4201 Vestina
1738 4144 2003 4200 iuventus
2037 4174 2106 4184 —
2140 4153 2352 4200 venatu
2389 4144 2532 4200 dura
2565 4142 2823 4200 ferarum.
