3334 5075
1093 1232 1501 1318 Iuvenalis
1557 1234 2013 1318 saturarum

1285 1414 1480 1479 Liber
1523 1421 1814 1495 quartus.

1343 1602 1630 1669 Satura
1672 1602 1755 1666 X.

545 1740 662 1794 Der
697 1738 1065 1809 Gegenstand
1102 1739 1202 1794 der
1239 1738 1440 1805 Satire,
1479 1739 1573 1793 die
1605 1737 1880 1793 Therhcit
1914 1738 2032 1793 und
2055 1737 2552 1795 Verderblichkeit
2587 1740 2688 1795 der

405 1823 764 1895 gowehnlich
812 1840 884 1879 an
933 1825 1028 1880 die
1065 1826 1266 1881 Οὔτιοι·
1301 1824 1656 1894 gerichteten
1692 1823 1908 1880 Gebete
1945 1824 2063 1879 und
2096 1823 2399 1890 Wtinsche,
2437 1841 2553 1880 war
2591 1828 2687 1880 ein

408 1912 468 1964 in
521 1910 620 1966 der
671 1909 1418 1980 popularphilesephisehen
1471 1911 1588 1965 und
1638 1909 2030 1966 rhetorischen
2075 1908 2386 1965 Litteratur
2434 1910 2688 1966 offenbar

405 1995 525 2051 viel
570 1994 962 2061 bebandelter;
1011 2011 1076 2050 se
1126 1994 1188 2050 in
1236 1995 1363 2051 dem
1410 1994 2030 2065 pseudeplatonischen
2079 1994 2318 2050 aweiten
2354 1994 2690 2053 Alcibiades

408 2080 526 2136 und
571 2081 631 2136 in
676 2082 776 2137 der
811 2083 1049 2136 zweiten
1088 2079 1273 2137 Satire
1310 2081 1411 2137 des
1444 2081 1691 2137 Persius.
1763 2079 1929 2135 Dech
1964 2080 2118 2149 zeigt
2151 2079 2273 2135 sich
2306 2080 2401 2137 bei
2437 2080 2689 2139 Juvenal

408 2165 537 2222 eine
587 2165 734 2234 Spur
781 2166 1026 2222 director
1071 2167 1408 2235 Benutzung
1454 2166 1654 2222 beider
1697 2165 1911 2223 Stiicke
1959 2166 2204 2235 nirgend
2251 2168 2336 2230 (zu
2373 2166 2440 2221 V.
2469 2169 2517 2229 3)
2570 2166 2688 2221 und

408 2250 555 2306 auch
590 2267 705 2307 ven
731 2252 841 2307 den
866 2251 1220 2307 zablreichen
1246 2251 1478 2319 stenen,
1517 2253 1578 2306 in
1602 2251 1789 2307 denen
1814 2250 2032 2310 Seneca
2057 2252 2182 2308 dies
2203 2251 2416 2307 Thema
2437 2252 2687 2319 berdbrt,

405 2337 506 2393 hat
540 2336 789 2392 Juvenal
833 2336 1165 2394 schwerlich
1210 2337 1340 2393 eine
1375 2352 1479 2394 vor
1513 2336 1723 2406 Augen
1760 2336 1898 2392 eder
1933 2338 2011 2394 im
2046 2335 2425 2395 Gediichtniss
2460 2338 2687 2407 gehabt.

405 2420 610 2492 Tranq.
649 2438 737 2478 an.
765 2425 813 2490 2,
841 2424 870 2473 3
908 2423 1186 2491 quicquid
1226 2422 1444 2491 optavi,
1481 2422 1841 2478 inimicorum
1866 2424 2313 2480 exsecrationem
2336 2427 2494 2492 pute.
2543 2423 2688 2493 Epp.

408 2509 491 2575 22,
521 2510 583 2561 12
620 2524 737 2564 nen
771 2508 856 2565 sic
881 2509 1165 2579 quomedo
1193 2508 1309 2573 (dii)
1336 2508 1463 2564 istis
1487 2508 1728 2578 propitii
1755 2513 1901 2576 sunt,
1940 2508 2146 2578 quibus
2168 2509 2321 2567 bene
2347 2523 2415 2565 ac
2437 2508 2689 2579 benigne

407 2593 570 2649 voltu
607 2594 758 2648 mala
791 2594 1094 2664 magnifica
1130 2594 1466 2660 tribuerunt,
1504 2594 1579 2649 ad
1613 2592 1724 2648 hec
1748 2609 1922 2649 unum
1948 2595 2203 2650 excusati
2230 2594 2381 2664 qued
2404 2596 2519 2650 ista
2543 2611 2690 2665 quae

407 2686 595 2746 urunt,
633 2695 780 2749 quae
816 2680 1163 2746 excruciant,
1201 2679 1535 2749 optantibus
1571 2679 1709 2735 data
1740 2684 1890 2737 sunt.
1961 2681 2044 2747 31,
2071 2682 2102 2732 2
2138 2680 2369 2737 surdum
2404 2686 2463 2736 te
2500 2696 2691 2736 aman-

408 2766 645 2821 tissimis
680 2767 799 2821 tuis
832 2771 1083 2834 praesta:
1122 2764 1276 2820 bene
1313 2764 1502 2819 anime
1540 2763 1688 2818 mala
1722 2769 2039 2833 precantur.
2080 2773 2139 2821 et
2173 2766 2224 2820 si
2260 2779 2385 2820 esse
2418 2766 2509 2820 vis
2533 2763 2688 2831 felix,

408 2850 548 2907 dees
585 2866 685 2906 era
717 2850 934 2919 nequid
968 2850 1079 2906 tibi
1115 2864 1187 2907 ex
1209 2850 1299 2907 hie
1323 2863 1469 2919 quae
1495 2855 1781 2918 optantur,
1819 2849 2062 2905 eveniat.
2123 2851 2205 2915 32,
2230 2853 2263 2901 4
2274 2866 2288 2915 ;
2316 2852 2398 2916 60,
2430 2853 2450 2900 1
2493 2849 2691 2905 etiam-

407 2952 558 2991 nunc
607 2942 774 3005 eptae
822 2936 976 3005 qued
1020 2935 1130 2993 tibi
1168 2935 1396 3005 optavit
1428 2934 1623 2989 nutrix
1657 2938 1760 2989 tua
1796 2940 1896 2991 aut
1930 2934 2301 3004 paedagogus
2337 2939 2439 2989 aut
2472 2934 2688 2990 mater?

408 3021 659 3077 nendum
707 3020 998 3089 intellegis
1047 3025 1320 3090 quantum
1366 3020 1501 3074 mali
1540 3019 1904 3088 optaverint?
1976 3036 2012 3074 e
2050 3034 2216 3088 quam
2253 3019 2488 3074 inimica
2521 3019 2691 3075 nobis

412 3113 545 3161 sunt
579 3112 720 3161 veta
752 3105 1100 3162 nostrerum!
1155 3122 1225 3162 eo
1263 3105 1493 3175 quidem
1530 3105 1853 3162 inimiciora
1888 3119 2001 3175 que
2039 3118 2261 3160 cessere
2296 3102 2539 3158 felicius.
2579 3105 2692 3158 iam

408 3208 524 3247 nen
573 3191 820 3246 admirer
865 3192 914 3247 si
964 3191 1156 3247 emnia
1201 3207 1307 3248 nes
1352 3208 1387 3249 a
1428 3193 1613 3261 prima
1658 3189 1911 3259 pueritia
1957 3188 2106 3244 mala
2149 3194 2483 3257 sequuntur:
2543 3190 2692 3245 inter

409 3277 834 3333 exsecrationes
880 3281 1178 3347 parentum
1227 3278 1523 3332 crevimus.
1598 3278 1682 3343 95,
1709 3278 1775 3327 50
1820 3275 1938 3342 (dii)
1976 3274 2286 3344 aliquande
2322 3274 2516 3343 specie
2551 3274 2692 3331 beni

414 3362 677 3430 puniunt.

547 3445 826 3516 Dagegen
860 3446 959 3502 hat
991 3445 1242 3503 Juvenal
1277 3446 1572 3502 vielleicht
1604 3445 1793 3501 Valer.
1831 3446 1974 3501 Max.
2001 3445 2116 3500 VII
2142 3447 2173 3497 2
2209 3445 2335 3501 Ext.
2368 3448 2389 3497 1
2431 3444 2689 3501 benutzt:

409 3529 675 3588 Socrates
709 3560 779 3572 -
813 3531 898 3586 nil
933 3532 1082 3588 ultra
1116 3532 1425 3600 petendum
1462 3547 1497 3585 a
1532 3531 1623 3586 dis
1659 3529 2071 3586 immortalibus
2106 3531 2487 3587 arbitrabatur
2523 3546 2693 3600 quam

408 3621 476 3671 ut
509 3616 664 3673 bena
697 3616 1028 3683 tribuerent,
1068 3617 1205 3686 quia
1241 3617 1286 3671 ii
1323 3617 1546 3672 demum
1582 3616 1797 3671 scirent
1832 3615 1971 3685 quid
2007 3615 2319 3685 unicuique
2355 3620 2508 3672 esset
2529 3615 2691 3683 utile,

407 3717 515 3756 nos
569 3706 759 3757 autem
811 3702 1142 3772 plerumque
1197 3701 1258 3756 id
1307 3701 1462 3757 vetis
1517 3706 1933 3769 expeteremus,
1990 3701 2145 3769 quod
2194 3717 2310 3756 nen
2359 3701 2693 3771 impetrasse

408 3785 613 3843 melius
647 3786 810 3842 feret.
848 3817 916 3826 -
942 3816 1006 3827 —
1045 3787 1246 3847 desine
1281 3788 1459 3856 igitur
1497 3784 1838 3851 (mortalium
1871 3790 2045 3850 mens)
2083 3786 2259 3843 stulta
2284 3785 2492 3842 futuris
2517 3785 2692 3843 male-

408 3887 531 3926 rum
581 3879 808 3927 tuorum
858 3873 1048 3929 causis
1097 3901 1166 3912 —
1213 3872 1378 3941 quasi
1414 3870 1764 3928 felicissimis
1808 3870 1980 3926 rebus
2028 3870 2247 3927 inhiare
2296 3876 2355 3927 et
2402 3878 2462 3928 te
2507 3877 2693 3927 totum

409 3956 743 4012 caelestium
789 3957 1026 4013 arbitrie
1063 3958 1351 4028 permitte,
1402 3958 1541 4027 quia
1576 3957 1675 4026 qui
1712 3955 1962 4012 tribuere
1998 3956 2151 4011 bena
2186 3970 2258 4011 ex
2293 3955 2451 4011 facili
2489 3956 2692 4023 solent,

411 4044 584 4099 etiam
619 4042 833 4113 eligere
869 4044 1164 4113 aptissime
1199 4048 1441 4113 pessunt
1478 4044 1595 4108 (346
1612 4047 1702 4107 ss.)
1738 4041 1853 4110 vgl.
1891 4057 1961 4096 zu
1996 4040 2064 4095 V.
2092 4042 2122 4091 3
2149 4056 2201 4095 u.
2231 4043 2275 4092 7.

548 4128 657 4184 Die
692 4145 809 4185 von
838 4128 1088 4185 Juvenal
1123 4129 1208 4184 als
1230 4127 1517 4197 Beispiele
1553 4126 1874 4197 gewiihlten
1897 4126 2182 4183 Persenen
2217 4125 2491 4194 gehenon
2529 4129 2695 4192 (etwa

409 4212 514 4269 mit
547 4213 874 4271 Ausnahme
911 4215 1012 4271 des
1049 4212 1243 4280 Silius)
1291 4229 1362 4269 zu
1411 4215 1522 4269 den
1557 4213 1619 4269 in
1655 4212 2126 4269 Declamatienen
2162 4211 2281 4266 und
2314 4211 2692 4269 moraliscben

409 4297 868 4370 Abhandlungen
917 4300 1083 4371 jeder
1128 4297 1240 4356 Art
1292 4315 1383 4354 am
1424 4299 1743 4369 hiiufigsten
1790 4296 2176 4367 angefiihrten.
2262 4296 2339 4354 So
2386 4306 2564 4355 nennt
2608 4298 2694 4355 als
