3334 5075
678 380 800 441 166
1489 373 1781 430 Iuvenalis
1816 380 2129 431 saturarum

845 549 1090 633 inputo,
1140 549 1250 631 qui
1294 549 1475 614 vultu
1519 547 1811 614 morbum
1855 550 2241 632 incessuque
2286 547 2539 614 fatetur.

845 661 1071 727 horum
1117 660 1500 746 simplicitas
1546 662 1954 744 miserabilia,
2001 662 2105 726 his
2150 661 2329 726 furor
2370 662 2514 745 ipse

846 772 959 840 dat
1004 773 1292 852 veniam3
1339 772 1458 839 sed
1502 774 1780 858 peiores,
1829 775 1939 856 qui
1985 774 2145 839 talia
2189 771 2408 840 verbis

716 894 795 952 20
843 887 1143 952 Herculis
1186 885 1506 952 invadunt
1549 892 1615 951 et
1658 886 1742 952 dc
1785 887 2022 953 virtute
2064 886 2264 953 locuti

844 1001 1100 1064 clunem
1144 1000 1414 1083 agitant.
1503 992 1648 1083 ‘ego
1694 1006 1758 1065 tc
1806 1005 2158 1081 ceventem‚
2207 998 2425 1080 Sexte,
2471 998 2786 1064 verebor?

844 1110 1105 1177 infamis
1150 1111 1435 1176 Varillus
1478 1112 1573 1178 ait
1608 1104 1763 1194 ‘quo
1810 1110 2090 1177 deterior
2132 1110 2247 1177 te‘?

842 1221 1200 1307 loripedem
1244 1229 1462 1289 rectus
1508 1221 1824 1305 derideat,
1871 1224 2257 1307 Aethiopem
2301 1223 2509 1289 albus.

847 1336 995 1417 quis
1039 1334 1264 1401 tulerit
1307 1335 1634 1401 Gracchos
1680 1335 1764 1401 de
1809 1335 2125 1402 seditione
2167 1335 2563 1418 querentes?

720 1453 800 1509 25
847 1448 992 1530 quis
1038 1446 1291 1514 caelum
1336 1448 1527 1514 terris
1570 1468 1699 1514 non
1744 1448 2015 1515 misceat
2058 1455 2124 1514 et
2167 1467 2348 1513 mare
2392 1446 2593 1529 caelo,

812 1639 895 1691 23.
968 1636 1125 1693 CGL.
1153 1638 1210 1692 11
1248 1653 1301 1706 p.
1329 1637 1446 1705 332,
1470 1638 1503 1689 9
1544 1637 1854 1706 ἱμαντόπους
1889 1637 2116 1707 loripes.
2189 1637 2336 1693 Einl.
2374 1637 2429 1694 S.
2461 1639 2571 1690 108.

811 1728 875 1777 25
891 1739 935 1779 s.
1008 1721 1193 1780 Schol.
1218 1723 1435 1779 Lucani
1474 1723 1501 1777 I
1529 1724 1643 1775 323.

812 1883 889 1932 16.
933 1883 1009 1932 17.
1080 1879 1193 1934 Ein
1235 1878 1455 1935 solcber
1501 1879 1731 1935 Mensch
1779 1878 2064 1935 erscheint
2108 1896 2207 1935 zur
2254 1878 2786 1950 Lasterhaftigkeit,
2836 1897 2940 1935 aus

673 1968 772 2023 der
808 1981 869 2022 er
905 1966 1051 2022 auch
1086 1965 1221 2021 kein
1260 1965 1403 2020 Hehl
1438 1965 1641 2033 macht,
1679 1966 1789 2021 wie
1825 1966 2196 2034 pradestinirt
2230 1966 2346 2021 und
2372 1966 2623 2021 dadurch
2646 1966 2940 2036 gewisser-

672 2069 893 2109 massen
930 2051 1328 2121 entschuldigt.
1402 2050 1586 2107 Ueber
1619 2050 1897 2107 Juvenals
1931 2052 2407 2121 Fatumsglauben
2442 2053 2553 2122 vgl.
2591 2052 2737 2107 Einl.
2773 2052 2826 2108 S.
2854 2056 2937 2106 41.

810 2139 1049 2193 morbum
1073 2138 1283 2193 ebenso
1304 2137 1411 2192 wie
1434 2138 1583 2195 νόσος
1607 2136 1713 2192 oft:
1740 2137 2077 2193 krankhafte
2101 2139 2381 2208 Neigung,
2407 2137 2584 2194 Sucht
2606 2139 2846 2203 (Petron.
2872 2142 2939 2191 46

677 2228 736 2282 in
782 2241 919 2281 aves
956 2224 1249 2280 morbosus
1291 2228 1380 2279 est
1428 2223 1486 2277 C.
1519 2223 1691 2278 Trim.
1729 2227 1864 2293 249),
1921 2225 2044 2279 hier
2086 2241 2156 2279 zu
2203 2224 2626 2281 unnattirlicher
2669 2224 2936 2291 Wollust3

672 2316 738 2365 50
786 2312 981 2367 morbo
1025 2309 1206 2379 pallet
1249 2316 1491 2379 utroque
1538 2312 1587 2377 9,
1612 2313 1679 2362 49
1731 2309 1842 2365 iam
1889 2325 1996 2365 nec
2041 2309 2237 2364 morbo
2283 2311 2495 2366 donare
2536 2312 2737 2379 parati.
2810 2310 2936 2366 Sen.

671 2401 815 2468 Epp.
843 2401 924 2462 83,
952 2400 1016 2449 20
1062 2403 1197 2451 tunc
1243 2396 1565 2465 impudicus
1608 2395 1860 2451 morbum
1898 2400 2186 2467 confitetur
2220 2404 2279 2452 et
2310 2396 2584 2464 publicat
2657 2398 2850 2452 Horat
2876 2396 2935 2451 C.

673 2485 703 2540 Ῑ
728 2487 810 2552 37,
836 2487 868 2537 9
906 2483 1291 2541 contaminato
1328 2499 1455 2539 cum
1491 2498 1664 2553 grege
1700 2482 1949 2552 turpium
1984 2483 2180 2538 Morbo
2215 2483 2480 2539 virorum.

811 2574 955 2625 voltu
977 2601 1045 2611 —
1071 2569 1372 2638 incessuque
1396 2573 1631 2640 fatetur.
1695 2570 1820 2624 Seu.
1846 2571 1990 2638 Epp.
2017 2573 2099 2634 52,
2131 2573 2191 2622 12
2229 2571 2577 2639 impudicum
2603 2578 2662 2627 et
2686 2570 2940 2627 incessus

673 2658 927 2714 ostendit
972 2665 1032 2713 et
1074 2672 1272 2711 manus
1321 2660 1475 2710 mota
1522 2661 1580 2710 et
1624 2672 1796 2711 unum
1847 2656 2125 2711 interdum
2162 2672 2491 2726 responsum
2528 2664 2587 2713 et
2621 2656 2832 2713 relatus
2866 2658 2941 2713 ad

673 2751 846 2814 caput
881 2744 1099 2813 digitus
1135 2746 1194 2797 et
1229 2740 1407 2797 flexus
1442 2741 1750 2797 oculorum.
1815 2743 1895 2797 Id.
1923 2742 1997 2798 ib.
2033 2745 2141 2810 114,
2168 2745 2198 2792 3
2238 2743 2298 2797 ἱιι
2336 2743 2462 2811 ipso
2502 2744 2728 2799 incessu
2765 2760 2939 2813 appa-

672 2847 794 2887 rere
831 2829 1141 2885 mollitiem.
1213 2828 1346 2882 Tac.
1373 2828 1440 2881 H.
1469 2828 1496 2882 I
1523 2831 1587 2879 30
1626 2826 1803 2892 (Otho)
1840 2828 2111 2883 habitune
2157 2835 2216 2883 et
2265 2830 2505 2896 incessu,
2553 2846 2625 2884 an
2673 2829 2774 2884 illo
2821 2847 2937 2885 mu-

673 2917 839 2973 liebri
888 2921 1092 2972 ornatu
1138 2919 1440 2970 mereretur
1487 2914 1823 2982 imperium?
1908 2914 2242 2979 Quintilian.
2277 2915 2329 2970 V
2365 2920 2414 2982 9,
2451 2918 2513 2968 14
2566 2915 2806 2973 fractum
2851 2917 2936 2970 in-

675 3019 897 3060 cessum
931 3032 1002 3041 —
1036 3001 1222 3056 mollis
1258 3005 1318 3056 et
1351 3016 1548 3069 parum
1584 2999 1694 3054 viri
1733 3000 1913 3069 signa.

818 3092 893 3140 18.
964 3089 1153 3140 horum
1185 3085 1503 3156 simplicitas
1537 3085 1890 3139 miserabili-3.-
1939 3087 2058 3142 ihre
2094 3085 2544 3157 Aufrichtigkeit
2579 3090 2705 3154 (wie
2747 3091 2790 3156 1,
2822 3091 2934 3154 153)

673 3181 860 3244 erregt
895 3175 989 3230 ein
1023 3173 1294 3242 gewisses
1328 3171 1638 3228 Mitleiden.
1700 3176 1877 3244 furor
1912 3172 2172 3229 dasselbe
2208 3174 2318 3229 wie
2353 3174 2557 3230 vorher
2591 3175 2833 3230 morbus.

813 3263 891 3313 19.
964 3258 1136 3312 verbis
1175 3259 1430 3313 Herculis
1481 3258 1563 3313 als
1610 3258 1710 3313 des
1755 3258 1942 3315 Ideals
1991 3259 2091 3314 der
2135 3260 2419 3314 stoischen
2467 3260 2699 3317 Weisen
2745 3262 2938 3326 (Zeller

672 3347 873 3403 Gesch.
909 3346 960 3401 d.
985 3344 1083 3399 Ph.
1120 3345 1233 3399 1112
1272 3348 1313 3413 1,
1339 3348 1455 3410 249)
1503 3345 1619 3400 und
1674 3344 1775 3399 des
1820 3344 2278 3415 Schutzheiligen
2324 3346 2440 3401 und
2488 3347 2793 3404 Vorbildes
2840 3348 2938 3404 der

671 3432 921 3504 Cyniker
959 3431 1059 3496 (112
1099 3433 1141 3495 1,
1167 3434 1266 3482 218
1303 3431 1449 3485 Einl.
1488 3432 1543 3486 S.
1570 3434 1677 3494 40):
1717 3427 1837 3486 ‘mit
1872 3431 2188 3487 erhabenen
2224 3429 2490 3488 Worten'.

810 3520 891 3569 21.
964 3520 1223 3570 caventem
1257 3517 1370 3586 vgl.
1410 3519 1458 3581 9,
1483 3518 1564 3568 40.

809 3606 891 3656 22.
980 3602 1215 3656 Varillus
1255 3600 1560 3671 jedenfalls
1609 3604 1739 3659 eine
1785 3603 2085 3669 bekannte‚
2131 3605 2424 3661 vielleicht
2466 3605 2570 3661 auf
2598 3606 2794 3663 Grund
2838 3608 2936 3664 der

673 3691 766 3745 lex
802 3688 1099 3745 Scantinia
1135 3693 1221 3754 (zu
1256 3705 1308 3743 v.
1335 3691 1417 3752 43)
1456 3690 1825 3746 verurtheilte
1860 3691 2086 3745 Person.

815 3778 895 3828 23.
969 3773 1274 3843 loripedem.
1342 3774 1486 3829 Plin.
1521 3775 1586 3830 N.
1613 3776 1663 3829 h.
1701 3775 1755 3830 V
1779 3780 1845 3828 46
1882 3776 2331 3846 Himantopodes
2375 3777 2661 3848 loripedes
2708 3781 2937 3849 quidam

673 3861 883 3932 quibus
931 3862 1211 3930 serpendo
1257 3861 1480 3930 ingredi
1540 3869 1744 3916 natura
1790 3863 1879 3917 sit.
1908 3861 2021 3917 VH
2048 3865 2111 3914 25
2168 3870 2396 3932 gentem
2453 3866 2598 3922 inter
2653 3867 2937 3923 Nomadas

673 3948 848 4004 Indos
879 3976 950 3987 —
984 3948 1254 4016 anguium
1292 3948 1461 4002 modo
1497 3947 1823 4017 loripedem.

812 4037 893 4085 25.
966 4037 1014 4100 6,
1040 4037 1138 4085 283
1188 4033 1396 4089 clames
1441 4033 1580 4089 licet
1623 4040 1683 4090 et
1723 4049 1872 4090 mare
1911 4034 2070 4091 caelo
2107 4035 2449 4093 Gonfundas.
2520 4037 2646 4093 Val.
2673 4038 2752 4094 Fl.
2781 4041 2807 4094 1
2835 4043 2934 4092 586

675 4120 785 4184 (die
808 4119 1032 4184 Winde)
1070 4120 1231 4176 soliti
1268 4120 1504 4176 miscere
1529 4120 1834 4190 polumque
1863 4121 2180 4191 Infelixque
2205 4122 2421 4180 fretum.
2462 4124 2628 4194 Verg.
2654 4124 2724 4181 A.
2758 4125 2810 4180 V
2835 4129 2934 4178 790

673 4207 850 4260 maria
885 4207 1074 4261 omnia
1109 4207 1269 4262 caelo
1306 4207 1549 4263 Miscuit.
1623 4208 1843 4264 Lucret.
1872 4209 1959 4263 111
1987 4211 2085 4260 842
2130 4210 2255 4265 Non
2294 4212 2341 4264 si
2379 4216 2529 4266 terra
2564 4211 2702 4267 mari
2737 4213 2936 4267 misce·

672 4291 828 4347 bitur
863 4297 921 4347 et
955 4307 1107 4348 mere
1142 4292 1318 4348 caelo.
1378 4291 1501 4347 Liv.
1528 4292 1610 4347 IV
1637 4296 1665 4344 3
1705 4292 1855 4358 Quid
1891 4295 2115 4350 tandem
2153 4303 2241 4352 est
2276 4313 2374 4352 cur
2411 4297 2630 4354 caelum
2665 4315 2732 4354 ac
2758 4303 2935 4355 terras

675 4377 961 4432 misceant.
1036 4375 1170 4435 Otto
1208 4377 1328 4448 Spr.
1366 4378 1582 4434 caelum
1624 4381 1667 4432 1.
