3334 5075
1117 356 1286 412 Liber
1320 356 1549 425 primus.
1622 356 1829 412 Satura
1865 356 1908 410 Ι.
2523 360 2639 421 161

382 539 504 596 160
547 524 717 596 ‘cum
764 531 984 596 veniet
1026 536 1271 611 contra,
1320 528 1527 613 digito
1573 547 1912 613 compesce
1958 526 2299 594 labellum:

551 650 886 709 accusator
933 644 1057 708 erit
1100 644 1214 725 qui
1258 640 1524 708 verbum
1572 640 1810 707 dixerit
1845 634 2002 707 “hic
2045 636 2206 707 est’'.

552 774 817 822 securus
862 754 1019 821 licet
1062 754 1332 821 Aenean
1378 755 1814 836 Rutulumque
1860 753 2143 820 ferocem

508 898 529 927 .-
552 869 933 949 committas,
982 867 1143 934 nulli
1189 868 1413 952 gravis
1459 874 1560 933 est
1601 850 1950 952 percussus
1994 866 2284 933 Achilles
2367 948 2394 966 a

551 988 664 1047 aut
707 980 975 1046 multum
1023 981 1360 1063 quaesitus
1406 978 1613 1064 Hylas
1660 999 2020 1064 urnamque
2065 986 2353 1046 secutus:

382 1099 506 1155 165
554 1111 710 1159 ense
755 1078 935 1159 i‘relut
978 1094 1198 1159 stricto
1239 1092 1541 1176 quotiens
1586 1092 1879 1158 Lucilius
1923 1091 2161 1159 ardens

551 1204 901 1288 infremuit,
948 1205 1135 1271 rubet
1178 1203 1436 1270 auditor
1481 1204 1584 1269 cui
1631 1203 1874 1289 frigida
1916 1224 2101 1271 mens
2147 1210 2249 1272 est

554 1317 943 1398 criminibus,
991 1317 1192 1383 tacita
1235 1315 1474 1383 sudant
1517 1315 1899 1400 praecordia
1943 1288 2176 1402 culpas

551 1429 707 1495 inde
750 1430 891 1494 irae
935 1436 999 1497 et
1042 1430 1370 1495 lacrimae.
1462 1434 1675 1494 tecum
1720 1429 1899 1512 prius
1946 1448 2101 1514 ergo
2147 1431 2369 1497 voluta

594 1620 708 1673 160.
783 1623 1084 1674 accusatus
1120 1619 1230 1675 erit
1265 1619 1618 1688 Berymullor.

592 1707 704 1757 161.
776 1704 1028 1771 verbum]
1069 1719 1301 1761 vervum
1326 1709 1387 1758 ut
1411 1704 1621 1758 videtur
1647 1705 1704 1758 P
1734 1718 1925 1760 verum
1941 1722 2002 1774 p.
2059 1705 2156 1774 qui
2195 1718 2389 1760 verum
2426 1706 2653 1762 dixerit.

384 1791 493 1845 Hic
531 1798 620 1847 est
654 1790 899 1846 Securus
935 1791 1068 1845 Bob.
1107 1793 1157 1848 si
1194 1807 1387 1848 verum
1424 1790 1635 1847 dixerit
1673 1790 1840 1845 Idm.
1896 1806 2094 1847 versus
2121 1792 2323 1845 Har-tel
2343 1792 2490 1861 apud
2512 1793 2656 1845 Bee-

383 1877 525 1931 rium
550 1895 611 1947 p.
637 1886 705 1931 60
741 1892 975 1933 aversus
1018 1880 1193 1931 Owen.

592 2052 706 2102 166.
776 2051 997 2105 Lucret.
1026 2049 1113 2105 111
1135 2052 1235 2103 299
1262 2055 1321 2105 at
1344 2055 1585 2106 ventosa
1607 2050 1791 2119 magis
1814 2065 2108 2106 cervorum
2133 2049 2345 2120 frigida
2367 2066 2523 2107 mens
2549 2055 2651 2106 001.

590 2138 703 2187 168.
776 2136 1000 2191 Terent.
1026 2134 1202 2191 Andr.
1234 2139 1278 2203 1,
1304 2138 1370 2188 26
1415 2136 1548 2191 hinc
1596 2136 1731 2191 illae
1776 2136 2056 2193 lacrimae.
2129 2136 2395 2208 cyprian.
2424 2138 2651 2205 Heptat.

383 2222 582 2277 Genea.
611 2225 709 2273 895
748 2221 882 2277 inde
920 2222 1038 2277 irae
1076 2228 1135 2277 et
1167 2221 1435 2277 lacrimae
1471 2229 1529 2278 et
1564 2221 1720 2278 fraus
1757 2224 2019 2292 quaesita
2053 2224 2313 2279 nocendi.
2386 2222 2555 2292 Verg.
2582 2222 2651 2278 A.

384 2306 465 2361 IV
492 2310 590 2358 535
627 2322 930 2378 secumque
967 2307 1051 2362 ita
1087 2307 1257 2362 corde
1293 2306 1530 2363 volutat.

523 2482 619 2533 168
633 2498 676 2537 0.
749 2480 1020 2537 Priscian.
1047 2478 1248 2534 XVIII
1275 2482 1322 2546 8,
1350 2482 1416 2530 70
1454 2479 1618 2535 GLK.
1645 2481 1736 2535 III
1765 2482 1881 2549 236,
1908 2482 1990 2533 26.

526 2637 637 2687 160.
717 2638 848 2691 Cum
882 2635 1054 2690 11οηὶιί
1089 2640 1274 2690 contra
1311 2639 1358 2702 3,
1386 2638 1484 2687 290
1531 2641 1648 2692 stat
1683 2642 1895 2691 contra.
1966 2636 2125 2692 Mart.
2153 2636 2205 2691 V
2230 2640 2313 2704 44,
2341 2640 2370 2688 5
2406 2637 2551 2692 hane
2589 2644 2652 2693 tu

382 2750 449 2760 -
485 2722 749 2792 quotiens
784 2723 980 2778 venire
1016 2752 1085 2761 —
1120 2722 1334 2778 videris
1371 2727 1570 2777 contra
1639 2720 1780 2776 XIV
1805 2724 1887 2790 62,
1914 2724 1945 2774 2
1984 2731 2184 2780 contra
2219 2724 2317 2793 qui
2355 2723 2528 2779 venit.

519 2810 777 2863 labellum.
849 2808 1007 2865 011011
1043 2826 1113 2864 zu
1153 2812 1233 2861 11.
1552 2855 1555 2860 .

523 2897 634 2948 161.
708 2895 957 2949 verbum.-
993 2912 1100 2950 nur
1124 2896 1227 2951 das
1249 2895 1377 2951 eine
1402 2894 1580 2950 Wort.
1641 2895 1789 2950 Dass
1823 2894 2056 2950 verbum
2092 2895 2219 2951 00111
2242 2894 2354 2949 wol
2389 2894 2542 2950 mehr
2567 2894 2652 2949 als

386 2981 481 3036 ein
516 2981 680 3038 Wort
714 2983 775 3037 111
810 2981 934 3038 sich
973 2981 1266 3051 begreifen
1310 2981 1479 3048 kann,
1524 2981 1765 3037 beweist
1806 2997 1850 3035 z.
1876 2981 1938 3034 B.
1976 2979 2156 3035 Plaut.
2183 2979 2313 3035 Aul.
2345 2983 2393 3048 3,
2419 2985 2466 3045 6,
2497 2983 2552 3031 11
2588 3003 2650 3025 --

382 3070 482 3119 545
517 3069 647 3136 plus
681 3067 923 3138 plusque
957 3068 1066 3124 tibi
1105 3069 1255 3123 istuc
1290 3068 1571 3136 sospitent
1606 3067 1762 3136 quod
1797 3082 1946 3122 nunc
1979 3065 2169 3122 habes.
2232 3066 2438 3120 Euclio.
2503 3065 2654 3120 Illud

384 3153 518 3211 mihi
556 3153 790 3210 verbum
824 3170 939 3209 non
975 3153 1167 3223 placet
1199 3151 1371 3223 ‘quod
1407 3170 1559 3209 nunc
1594 3149 1799 3209 habes'.

515 3239 602 3292 hie
636 3245 727 3293 est.
798 3240 948 3296 Pers.
978 3243 1023 3306 1,
1051 3243 1116 3292 28
1154 3248 1214 3296 at
1247 3239 1542 3308 pulchrum
1568 3247 1654 3296 est
1683 3240 1868 3309 digito
1894 3239 2193 3294 monstrari
2229 3244 2289 3294 et
2323 3237 2516 3304 dicier,
2554 3237 2648 3291 hic

384 3324 493 3381 est!
565 3325 632 3380 In
668 3326 897 3382 anderm
933 3325 1110 3382 Sinne
1144 3326 1303 3381 Mart.
1332 3325 1384 3380 V
1414 3329 1491 3391 13,
1519 3330 1548 3376 3
1586 3327 1690 3381 sed
1724 3331 1848 3381 toto
1896 3324 2056 3394 legor
2101 3324 2236 3380 orbe
2283 3324 2546 3394 frequens
2591 3329 2652 3379 01

385 3410 610 3478 dicitur,
645 3411 740 3466 hic
774 3420 863 3468 001
931 3412 959 3466 1
990 3414 1034 3478 1,
1064 3414 1085 3463 1
1127 3411 1223 3466 1110
1258 3419 1361 3478 est,
1400 3428 1567 3481 quem
1602 3411 1750 3481 1οςἰο
1788 3410 1901 3477 1110,
1939 3425 2105 3481 quem
2139 3411 2399 3480 requiris.

524 3498 635 3547 162.
710 3498 1077 3568 Rutulumque
1100 3501 1358 3568 ferocem.
1431 3497 1599 3568 Verg.
1626 3496 1698 3552 A.
1723 3497 1841 3552 XII
1870 3499 1931 3548 19
1967 3503 2097 3566 sagt
2129 3497 2368 3553 Latinus
2404 3512 2476 3551 zu
2509 3496 2650 3551 Tur·

384 3597 514 3638 nus:
552 3598 587 3636 0
623 3589 916 3651 praestans
952 3584 1126 3638 animi
1157 3585 1398 3650 iuvenis,
1425 3590 1694 3654 quantum
1722 3584 1846 3653 ipse
1870 3582 2046 3640 feroci
2072 3582 2302 3639 Virtute
2328 3598 2647 3652 exsuperas.

382 3667 510 3737 vgl.
548 3668 693 3723 auch
729 3668 851 3724 Iuv.
880 3672 925 3734 7,
951 3673 1034 3724 68.

523 3757 637 3807 164.
712 3755 906 3826 Hylas.
978 3756 1148 3825 Verg.
1183 3755 1248 3812 G.
1286 3757 1374 3810 111
1401 3760 1432 3808 6
1478 3757 1572 3811 cui
1618 3773 1735 3811 non
1780 3756 1968 3812 dictus
2008 3755 2188 3825 Hylas
2231 3755 2411 3824 puer?
2481 3754 2650 3823 Verg.

377 3840 494 3895 Ecl.
522 3841 570 3906 6,
595 3842 662 3891 43
701 3846 766 3896 ut
789 3840 928 3897 litus
952 3837 1135 3912 ‘Hyla,
1161 3839 1328 3913 Hyla’
1365 3858 1529 3898 omne
1554 3847 1798 3899 sonaret.
1860 3843 2001 3899 Stat.
2029 3841 2083 3898 S.
2113 3842 2140 3897 1
2166 3843 2214 3907 2,
2244 3844 2341 3892 199
2378 3847 2648 3911 quantum

378 3943 491 3981 non
528 3926 804 3982 clamatus
840 3926 1034 3997 Hylas.

518 4015 631 4064 165.
705 4031 825 4067 eme
859 4042 929 4051 -
963 4014 1165 4068 stricto.
1240 4016 1373 4072 Hor.
1400 4015 1454 4071 S.
1483 4016 1541 4070 ΙΙ
1571 4018 1615 4082 1,
1641 4017 1846 4068 39-42
1883 4013 2200 4084 vergleicht
2245 4013 2441 4069 seinen
2481 4013 2649 4069 stilus

379 4099 481 4154 mit
516 4099 698 4154 einem
736 4099 892 4154 0110ἰο
929 4098 1156 4170 Vagina
1190 4108 1393 4168 tectus,
1432 4117 1597 4172 quem
1633 4118 1735 4157 cur
1771 4103 2121 4170 destringere
2156 4115 2328 4156 coner
2355 4099 2539 4156 Tutus
2576 4100 2647 4155 ab

380 4183 602 4242 infestis
643 4185 998 4242 latronibus?

519 4274 631 4324 168.
706 4277 875 4326 tecum
911 4302 979 4314 -
1014 4274 1194 4327 voluta
1228 4276 1384 4328 Haec
1417 4274 1605 4327 animo.
1679 4274 1848 4344 Verg.
1874 4273 1943 4330 A.
1972 4274 2055 4330 IV
2081 4275 2178 4325 533
2227 4288 2530 4343 secumque
2567 4272 2650 4327 ita

377 4358 550 4413 corde
588 4357 824 4415 volutat.
898 4358 981 4415 VI
1010 4363 1105 4412 157
1144 4375 1459 4430 caecosque
1494 4360 1720 4418 volutat
1753 4362 2008 4417 Eventus
2044 4361 2231 4416 animo
2267 4375 2474 4416 secum.

480 4477 673 4520 Juvenal
700 4479 735 4521 1.
2173 4467 2230 4516 ῙῙ
