3334 5075
1056 380 1226 438 Liber
1258 382 1560 438 secundus.
1633 382 1839 440 Satura
1874 384 1972 440 VI.
2519 390 2643 454 323

546 555 639 619 nil
683 552 775 618 ibi
821 572 939 637 per
982 553 1208 618 ludum
1253 554 1681 637 simulabitur,
1729 556 1949 622 omnia
1990 557 2147 622 fient

374 671 498 730 325
545 664 633 731 ad
675 684 920 746 verum,
970 664 1205 747 quibus
1247 663 1510 731 incendi
1555 666 1687 731 iam
1731 666 2010 752 frigidus
2053 689 2216 736 aevo

543 774 1137 843 Laomedontiades
1183 784 1247 843 et
1291 777 1585 843 Nestoris
1626 777 1859 844 hirnea
1903 781 2126 864 possit.

543 897 697 956 tune
739 890 1006 974 prurigo
1053 908 1276 955 morae
1319 889 1666 974 inpatiens,
1714 897 1851 956 tum
1894 891 2141 959 femina
2184 894 2478 979 simplex,

544 1022 622 1068 ao
664 1002 907 1086 pariter
950 1007 1083 1067 toto
1127 1002 1445 1085 repetitus
1490 1003 1732 1067 elamor
1775 1002 1859 1067 ab
1903 1010 2090 1069 antro

541 1106 693 1178 ‘iam
739 1112 843 1178 fas
889 1119 1005 1194 est,
1054 1112 1327 1179 admitte
1369 1106 1584 1179 viros’.
1675 1113 1808 1179 iam
1851 1114 2088 1181 dormit
2131 1114 2414 1183 adulter:

372 1230 494 1290 330
540 1226 658 1291 illa
699 1225 882 1290 iubet
925 1230 1180 1307 sumpto
1226 1224 1528 1291 iuvenem
1571 1244 1925 1310 properare
1971 1227 2252 1307 oueull03

542 1338 600 1403 si
643 1336 809 1402 nihil
855 1342 972 1418 est,
1022 1336 1230 1402 servis
1274 1337 1655 1417 inourritu13
1703 1337 2050 1403 abstuleris
2094 1359 2277 1424 spem

541 1467 891 1531 servorum,
937 1447 1118 1513 venit
1163 1453 1231 1513 et
1274 1446 1626 1514 eonduotus
1670 1450 2012 1531 aquarius3
2058 1450 2165 1517 hie
2208 1452 2265 1518 si

542 1559 876 1643 quaeritur
919 1566 984 1624 et
1030 1557 1267 1624 desunt
1309 1558 1620 1640 homines,
1670 1578 1852 1626 mora
1895 1561 2076 1628 nulla
2118 1582 2236 1647 per
2278 1564 2489 1648 ipsam

539 1691 666 1755 quo
710 1671 924 1736 minus
966 1669 1271 1755 imposito
1316 1670 1573 1736 clunem
1616 1671 1977 1739 summittat
2018 1675 2239 1739 asello.

369 1791 492 1849 335
540 1789 736 1867 atque
781 1783 1031 1849 utinam
1074 1782 1239 1848 ritus
1283 1788 1539 1849 veteres
1584 1789 1650 1848 et
1693 1782 1958 1867 publiea
2000 1784 2234 1850 saltem

571 1975 689 2025 329.
762 1972 876 2026 iam
912 1969 1121 2026 dormit
1156 1968 1413 2024 Pithoeus
1453 1971 1502 2025 si
1541 1970 1654 2024 iam
1691 1970 1901 2027 dormit
1924 1973 1980 2026 P
2010 1973 2060 2029 si
2098 1973 2306 2031 dormit
2340 1994 2489 2029 eraso
2525 1978 2637 2032 iam

369 2065 483 2114 tum
517 2058 789 2115 dormitat
823 2061 1102 2126 (expuncto
1136 2055 1188 2112 si
1224 2060 1276 2109 ot
1309 2054 1581 2125 adcm’pto
1617 2059 1691 2120 at)
1720 2074 1765 2126 p
1804 2056 2073 2113 dormitat
2106 2078 2149 2110 ω
2188 2060 2514 2116 Priscianus.

577 2146 693 2197 335.
731 2144 849 2196 336.
921 2142 1137 2212 spurios
1170 2140 1356 2195 habuit
1393 2140 1676 2195 Heinrich.

572 2317 690 2368 326.
761 2314 932 2384 Verg.
957 2312 1026 2369 A.
1053 2313 1200 2369 VIII
1228 2315 1325 2366 158
1361 2312 1886 2371 Laomedontiaden
1920 2316 2215 2373 Priamum.

504 2488 658 2545 328s.
703 2485 1003 2629 uflriseian.
1029 2484 1174 2541 VIII
1203 2487 1250 2553 7,
1277 2486 1342 2539 37
1380 2483 1545 2542 ΘΒΚ.
1573 2485 1632 2541 11
1657 2489 1775 2555 404,
1802 2490 1833 2540 2
1860 2487 2169 2554 (Iuvenalis
2192 2491 2254 2546 in
2278 2491 2364 2547 11:
2404 2491 2516 2549 iam
2550 2491 2636 2549 fas

366 2580 456 2632 est
489 2604 558 2614 —
594 2590 700 2629 ene
787 2577 853 2637 o).

365 2762 550 2816 aequa
585 2750 708 2812 (est)
747 2745 799 2800 d.
825 2745 876 2799 h.
915 2744 1010 2800 die
1047 2743 1435 2813 Siegespalme
1471 2744 1615 2799 wird
1648 2744 2051 2815 gleiohmssssig
2072 2753 2238 2803 unter
2264 2748 2495 2806 Saufeia
2518 2751 2635 2806 und

363 2831 675 2887 Medullina
708 2830 992 2896 vertheilt,
1029 2830 1124 2885 die
1159 2830 1508 2887 virtuosiffit
1543 2832 1604 2885 in
1640 2831 1742 2885 der
1775 2829 2035 2888 Unzueht
2075 2833 2292 2889 kommt
2325 2835 2451 2890 dem
2486 2834 2636 2892 Adel

365 2917 597 2984 (beider)
654 2915 869 2986 gleieh:
930 2916 992 2971 in
1045 2917 1144 2971 der
1195 2919 1481 2986 prignant
1532 2917 1745 2974 knrzen
1788 2918 2005 2976 Gnome
2058 2919 2136 2974 ist
2181 2920 2284 2975 das
2330 2927 2478 2977 erste
2523 2923 2634 2978 Mal

365 3019 549 3073 aequa
584 3018 649 3058 so
687 3003 999 3057 eonstruirt
1032 3002 1141 3057 wie
1177 3001 1484 3059 besonders
1529 3003 1680 3060 beim
1716 3003 1965 3061 Verbum
2012 3020 2255 3074 aequare
2291 3005 2484 3061 iiblieh
2519 3024 2635 3062 war

364 3090 473 3156 (ius
509 3089 659 3144 inter
693 3103 888 3143 omnes
922 3093 1226 3157 aequatum
1261 3103 1315 3142 u.
1353 3087 1526 3158 dgl.)’.

501 3177 619 3227 325.
691 3173 766 3227 ad
797 3191 993 3226 vorum.
1065 3170 1259 3228 ‘Solin.
1284 3190 1341 3242 p.
1372 3176 1485 3240 113,
1512 3177 1544 3226 6
1593 3175 1693 3244 qui
1728 3175 1894 3232 fidem
1942 3177 2017 3232 ad
2059 3192 2252 3232 verum
2303 3178 2633 3235 ratiocinati

363 3265 509 3318 sunt„
583 3260 793 3329 Hygin.
837 3257 1022 3315 Grom.
1059 3276 1112 3328 p.
1143 3261 1258 3326 184,
1293 3263 1324 3312 3
1369 3261 1646 3330 explicari
1693 3263 1841 3318 enim
1885 3262 2229 3318 desiderium
2271 3267 2525 3318 nostrum
2561 3265 2634 3321 ad

363 3362 581 3413 verum,
626 3346 741 3401 nisi
794 3360 896 3414 per
942 3345 1172 3401 umbrae
1219 3352 1526 3415 momenta,
1591 3364 1708 3402 non
1754 3353 1960 3418 potest.
1998 3350 2115 3416 208,
2141 3351 2172 3401 3
2222 3364 2417 3418 agrum
2469 3352 2634 3408 euius

360 3439 542 3488 totam
575 3431 922 3501 positionem
966 3430 1039 3485 ad
1073 3447 1268 3486 verum
1315 3430 1612 3488 formatam
1658 3435 2042 3504 inspiciemus.
2122 3432 2436 3492 Aehnliohe
2483 3435 2631 3493 Aus-

361 3517 576 3573 drtieke
612 3516 773 3586 giebt
806 3531 868 3571 es
902 3514 1031 3571 sehr
1053 3517 1171 3572 viel
1197 3517 1351 3572 mehr
1376 3517 1460 3572 als
1485 3519 1651 3574 Hand
1674 3518 1964 3575 Tursell.1
1991 3522 2086 3572 123
2115 3517 2371 3576 anfflhrt?
2409 3523 2629 3576 Maller.

501 3605 617 3655 326.
690 3601 1180 3656 Laomedontiades.
1253 3603 1330 3659 So
1365 3605 1622 3661 Priamus
1659 3612 1849 3660 zuerst
1880 3604 2051 3674 Verg.
2076 3603 2146 3660 A.
2172 3606 2316 3662 VIII
2345 3609 2458 3661 158.

502 3687 752 3743 Nestoris
793 3688 994 3743 hir-noa.
1067 3687 1148 3744 Zu
1184 3693 1233 3756 4,
1271 3692 1352 3743 39.
1432 3690 1592 3746 Naeh
1625 3691 1930 3746 Biiohelers
1974 3690 2367 3763 Vermnthung
2411 3693 2628 3760 (Rhein.

359 3774 500 3830 Mus.
528 3773 751 3829 XXXV
777 3776 870 3826 391
901 3775 973 3838 ff.)
1011 3780 1238 3832 stammt
1272 3776 1373 3831 der
1407 3775 1713 3831 Ausdruok
1757 3792 1859 3831 aus
1896 3778 2054 3832 einer
2088 3775 2386 3845 Atellane;
2423 3795 2485 3835 es
2520 3780 2631 3848 gab

360 3876 475 3916 von
508 3860 856 3929 Pomponius
893 3860 1021 3916 eine
1055 3861 1238 3930 Pappi
1273 3862 1485 3928 hirnea,
1532 3863 1593 3917 in
1638 3862 1738 3917 der
1773 3862 1866 3916 ein
1901 3862 2177 3918 Madohen
2210 3864 2553 3920 niederkam.

500 3947 616 3998 327.
685 3963 866 3999 morae
901 3945 1171 4016 inpatiens
1204 3948 1313 4002 wie
1350 3948 1497 4003 oben
1533 3950 1649 4000 238.

497 4033 616 4083 328.
687 4032 752 4085 ab
786 4035 944 4085 aratro
977 4048 1081 4088 aus
1105 4033 1230 4088 dem
1256 4034 1456 4088 innern
1481 4032 1690 4099 Ranm;
1726 4032 1859 4089 falls
1882 4041 2113 4090 antrum
2150 4033 2309 4090 nieht
2344 4034 2466 4089 hier
2502 4035 2628 4090 eine

357 4132 466 4173 uns
501 4115 866 4174 unbekannt-‚e
900 4118 1240 4188 Bedeutung
1275 4120 1390 4174 und
1423 4119 1751 4189 Beziehung
1784 4120 1897 4175 hat.

497 4204 614 4255 329.
686 4202 795 4256 iam
830 4203 1028 4257 domuit
1061 4205 1287 4258 adulter.
1360 4204 1443 4260 Ob
1480 4207 1592 4260 iam
1629 4205 1840 4260 dormit
1873 4205 2012 4261 oder
2035 4207 2086 4262 si
2120 4207 2329 4262 dormit
2351 4206 2462 4262 den
2485 4206 2627 4262 Vor-

358 4303 468 4357 zug
503 4288 778 4356 verdient,
816 4289 894 4345 ist
925 4288 1096 4344 kaum
1133 4307 1203 4345 zu
1239 4289 1618 4346 entsoheiden.

498 4375 612 4426 335.
684 4375 816 4431 Erst
847 4391 963 4431 von
998 4375 1123 4430 hier
1157 4376 1229 4431 ab
1278 4376 1494 4445 sprioht
1526 4376 1774 4433 Juvenal
1820 4393 1932 4433 von
1982 4378 2109 4433 dem
2162 4379 2239 4433 im
2286 4378 2476 4434 Hanse
2528 4379 2629 4435 des

2114 4481 2214 4533 21*
