3334 5075
659 137 783 200 530
1475 132 1765 189 Iuvenalis
1801 140 2113 189 saturarum

831 327 1131 390 quaeque
1174 313 1480 372 coronata
1525 305 1785 372 lustrari
1831 304 2070 371 debeat
2113 325 2303 389 agna.

831 420 1170 503 egregium
1214 424 1637 501 sanctumque
1684 419 1895 483 virum
1939 418 1996 483 si
2041 436 2249 498 cerno,
2298 418 2638 483 bimembri

704 537 779 594 65
827 531 954 596 hoc
998 537 1352 597 monstrum
1396 549 1598 614 puero
1643 531 1753 595 vel
1797 528 2110 595 mirandis
2155 529 2276 594 sub
2321 537 2536 595 aratro

828 644 1115 727 piscibus
1159 643 1441 708 inventis
1486 648 1551 707 et
1596 640 1773 707 fetae
1816 660 2117 725 comparo
2160 643 2396 723 mulae,

726 757 732 764 '
829 755 1163 837 sollicitus,
1209 762 1538 836 tamquam
1583 752 1843 836 lapides
1889 752 2194 819 effuderit
2236 753 2444 820 imber

829 886 1231 948 examenque
1275 868 1493 951 apium
1538 865 1739 948 longa
1780 865 2146 931 consederit
2190 884 2322 930 uva

828 979 1108 1044 culmine
1153 977 1425 1060 delubri,
1474 985 1806 1060 tamquam
1848 978 1918 1041 in
1960 997 2139 1042 mare
2182 977 2445 1043 fluxerit
2487 981 2698 1044 amnis

703 1099 780 1153 70
826 1091 1190 1174 gurgitibus
1235 1090 1419 1154 miris
1467 1096 1532 1154 et
1574 1088 1768 1155 lactis
1810 1090 2056 1156 vertice
2103 1095 2368 1155 torrens.

912 1202 1277 1285 intercepta
1321 1201 1547 1266 decem
1595 1202 1886 1282 quereris
1930 1203 2235 1267 sestertia
2279 1200 2513 1267 fraude

827 1314 1166 1397 sacrilega.
1260 1311 1417 1396 quid
1463 1314 1519 1378 si
1566 1312 1667 1377 bis
1714 1320 1973 1378 centum
2016 1312 2305 1397 perdidit
2348 1316 2513 1379 alter

826 1425 948 1490 hoc
992 1445 1234 1491 arcana
1277 1423 1517 1491 modo?
1608 1426 1921 1489 maiorem
1965 1425 2195 1491 tertius
2239 1424 2356 1490 illa

826 1557 1157 1619 summam,
1209 1557 1404 1619 quam
1447 1538 1713 1621 patulae
1758 1537 1870 1601 vix
1915 1544 2179 1621 ceperat
2222 1539 2501 1620 angulus
2546 1557 2738 1603 arcae
2759 1538 2793 1602 t>

702 1659 775 1713 75
824 1657 957 1717 tam
1001 1650 1195 1715 facile
1242 1656 1308 1715 et
1352 1668 1621 1733 pronum
1670 1656 1769 1714 est
1813 1666 2084 1733 superos
2130 1656 2537 1715 contemnere
2581 1657 2801 1732 testes,

824 1764 880 1827 si
923 1761 1215 1827 mortalis
1260 1761 1432 1826 idem
1478 1780 1665 1826 nemo
1712 1761 1893 1826 sciat.
1982 1761 2202 1845 aspice
2250 1767 2494 1842 quanta

823 1893 981 1938 voce
1026 1880 1241 1956 neget,
1290 1892 1456 1954 quae
1500 1873 1583 1937 sit
1625 1873 1758 1937 ficti
1804 1873 2167 1937 constantia
2210 1872 2445 1938 vultus.

822 2004 942 2070 per
987 1984 1160 2050 Solis
1205 1984 1426 2049 radios
1472 1985 1888 2068 Tarpeiaque
1934 1985 2207 2049 fulmina
2249 1985 2423 2049 iurat

858 2176 939 2225 65.
1012 2173 1106 2229 vel
1133 2188 1239 2241 Ρςε
1293 2180 1351 2228 et
1384 2173 1441 2226 P
1469 2177 1531 2226 ut
1566 2173 1779 2226 videtur
1816 2177 1866 2226 et
1900 2193 1958 2240 ω,
1996 2173 2094 2242 qui
2122 2172 2455 2242 principium
2491 2192 2671 2228 versus
2693 2175 2921 2247 faciunt

647 2260 737 2316 Ut.
811 2260 1082 2315 mirandis
1120 2260 1191 2313 P:
1230 2260 1458 2314 miranti
1497 2259 1592 2323 (ita
1628 2263 1686 2325 ω)
1727 2264 1838 2312 tum
1873 2260 2134 2315 mirantis
2158 2260 2306 2329 fecit
2331 2278 2393 2329 p.

857 2349 936 2397 70.
1009 2346 1182 2412 miris]
1218 2346 1406 2401 niveis
1430 2345 1521 2400 vel
1544 2346 1726 2414 nigris
1753 2346 2018 2399 Schrader
2050 2346 2238 2402 rubris
2262 2347 2459 2400 Jacobs
2493 2347 2686 2404 miniis
2711 2350 2918 2403 Person

652 2435 860 2487 Scholia
894 2429 1041 2501 ‘puto
1076 2427 1232 2487 diris’
1271 2431 1570 2486 Br‘lchelerss.

648 2573 994 2641 Haruspices
1027 2570 1382 2639 festgestellt‚
1432 2570 1526 2626 die
1564 2572 1708 2625 auch
1759 2571 2044 2640 angaben,
2094 2571 2306 2628 welche
2355 2572 2552 2628 Gotter
2601 2573 2694 2629 ein
2739 2573 2917 2628 sulm-

649 2657 808 2728 opfer
846 2662 914 2723 (v.
940 2660 1023 2721 63)
1060 2658 1405 2726 verlangten.
1467 2656 1720 2712 stv.111
1745 2658 1842 2709 261
1883 2674 1936 2711 u.
1964 2658 2079 2708 413.

785 2747 850 2797 64
871 2761 940 2801 ss.
1014 2744 1125 2799 Die
1162 2742 1549 2798 siimmtlichen
1586 2742 1708 2797 hier
1754 2742 2076 2798 erwahnten
2111 2743 2419 2812 Prodigien
2467 2743 2728 2799 kommen
2773 2743 2918 2799 efter

648 2832 793 2886 auch
816 2831 909 2886 bei
934 2831 1135 2885 Livius
1158 2830 1277 2884 und
1301 2830 1514 2885 andern
1538 2845 1655 2883 vor.
1706 2829 1826 2883 Liv.
1854 2829 1994 2883 XXI
2028 2830 2087 2880 12
2111 2828 2311 2897 biceps
2343 2845 2498 2897 puer.
2527 2830 2608 2884 Id.
2635 2830 2917 2885 XXXXII

647 2920 695 2985 2,
724 2921 753 2968 5
792 2918 852 2971 in
889 2916 1113 2972 Gallico
1150 2931 1289 2984 agro
1327 2931 1440 2984 qua
1477 2914 1840 2970 induceretur
1877 2920 2140 2983 aratrum,
2178 2915 2282 2970 sub
2320 2916 2697 2971 existentibus
2732 2917 2917 2986 glebis

646 3006 836 3073 pisces
872 3002 1177 3058 emersisse.
1250 3001 1392 3054 Plin.
1421 3001 1484 3056 N.
1510 3000 1561 3054 b.
1590 3000 1737 3055 VIII
1767 3003 1862 3051 173
1902 3008 1989 3056 est
2025 3001 2086 3055 in
2123 3001 2424 3056 annalibus
2459 3003 2670 3057 nostris
2709 3002 2919 3067 (mulas)

645 3090 937 3159 peperisse
975 3104 1163 3155 saepe,
1200 3103 1396 3143 verum
1431 3087 1686 3155 prodigii
1721 3086 1850 3141 loco
1888 3087 2157 3142 habitum.
2219 3086 2335 3141 Cic.
2362 3087 2489 3141 Div.
2518 3088 2576 3142 II
2602 3089 2663 3139 61
2693 3088 2916 3156 sapien·

646 3183 759 3232 tem
797 3189 919 3231 esse
956 3180 1278 3243 portentum
1315 3180 1416 3228 est.
1490 3172 1732 3241 Saepius
1758 3173 1907 3229 enim
1933 3172 2138 3227 mulam
2164 3173 2454 3240 peperisse
2480 3173 2722 3229 arbitror
2749 3190 2914 3243 quam

647 3261 961 3329 sapientem
996 3258 1189 3313 fuisse.
1259 3259 1382 3313 Liv.
1408 3259 1604 3314 XXVI
1632 3262 1713 3326 23,
1753 3261 1781 3310 5
1832 3264 1937 3315 etc.
2026 3258 2360 3327 Steinregen
2413 3259 2549 3315 ibid.
2590 3260 2705 3315 und
2754 3258 2913 3315 oster.

645 3346 788 3400 Plin.
813 3346 879 3401 N.
905 3345 956 3399 h.
984 3345 1069 3399 XI
1095 3347 1159 3395 55
1199 3347 1368 3414 (apes)
1406 3352 1631 3401 ostenta
1663 3344 1887 3400 faciunt
1908 3374 1976 3384 —
2012 3361 2127 3399 uva
2164 3345 2519 3414 dependente
2556 3346 2617 3399 in
2653 3345 2914 3400 domibus

644 3431 1002 3500 templisque,
1040 3445 1211 3498 saepe
1249 3432 1481 3500 expiata
1516 3431 1740 3499 magnis
1777 3432 2079 3487 eventibus
2117 3434 2247 3494 (uva
2271 3447 2401 3486 vom
2425 3432 2914 3486 Bienenschwarm

645 3515 814 3585 Verg.
835 3514 1037 3584 Georg.
1061 3516 1142 3571 IV
1170 3518 1311 3583 558);
1347 3517 1480 3572 Tac.
1505 3516 1576 3572 A.
1602 3516 1720 3571 XII
1747 3520 1811 3568 64
1838 3532 2074 3573 examen
2100 3516 2305 3585 apium.
2355 3517 2476 3571 Liv.
2504 3517 2757 3572 XXXIV
2779 3520 2861 3581 45,
2883 3520 2913 3566 7

644 3602 968 3658 nuntiatum
1004 3608 1092 3658 est
1134 3604 1281 3658 Nare
1318 3604 1465 3658 amni
1516 3603 1605 3658 lac
1649 3602 1882 3659 fluxisse
1930 3610 1997 3667 (v.
2037 3605 2101 3654 70
2146 3603 2347 3672 gehbrt
2395 3603 2550 3655 lactis
2594 3619 2663 3657 zu
2707 3603 2916 3660 beiden

643 3687 985 3749 Ablativen).

782 3777 862 3827 74.
936 3777 1161 3844 anyulus
1198 3794 1367 3841 arcae,
1406 3775 1499 3831 die
1536 3775 1626 3830 bis
1662 3776 1725 3830 in
1761 3776 1855 3830 die
1890 3775 2087 3830 Ecken
2122 3774 2361 3844 gesullte
2398 3774 2586 3830 Casse.

780 3864 864 3916 75.
923 3861 1103 3932 facile
1139 3866 1189 3914 et
1216 3879 1456 3931 pronum
1491 3865 1569 3915 est
1604 3862 1714 3916 wie
1751 3864 1798 3928 9,
1826 3863 1907 3915 43.
1981 3865 2308 3914 contemnere
2343 3861 2459 3929 vgl.
2499 3864 2546 3928 3,
2577 3862 2689 3912 145.

781 3951 999 4000 78—83.
1049 3946 1178 4017 Vgl.
1206 3946 1367 4002 Ovid.
1394 3945 1518 4002 Am.
1546 3946 1636 4001 111
1661 3950 1709 4013 3,
1731 3949 1934 4000 27-30
1971 3947 2140 4003 nobis
2163 3945 2390 4001 fatifero
2414 3946 2637 4002 Mavors
2662 3948 2913 4016 accingi-

643 4041 734 4090 tur
786 4050 942 4090 ense:
997 4034 1115 4089 Nos
1161 4034 1310 4103 petit
1359 4034 1579 4089 invicta
1612 4033 1869 4089 Palladis
1919 4033 2086 4089 hasta
2136 4048 2320 4087 manu.
2402 4033 2581 4088 Nobis
2633 4031 2913 4088 flexibiles

642 4125 949 4175 curvantur
995 4117 1290 4189 Apollinis
1339 4136 1527 4175 arcus:
1595 4119 1662 4174 In
1709 4136 1816 4176 nos
1866 4118 1981 4175 alta
2017 4119 2174 4174 Iovis
2211 4118 2447 4175 dextera
2481 4118 2690 4175 fulmen
2723 4118 2910 4174 habet.
