<?xml version="1.0" encoding="UTF-8"?>
<!DOCTYPE html PUBLIC "-//W3C//DTD XHTML 1.0 Transitional//EN"
    "http://www.w3.org/TR/xhtml1/DTD/xhtml1-transitional.dtd">
<html xmlns="http://www.w3.org/1999/xhtml" xml:lang="en" lang="en">
 <head>
  <title>
</title>
<meta http-equiv="Content-Type" content="text/html;charset=utf-8" />
  <meta name='ocr-system' content='tesseract 3.04.00' />
  <meta name='ocr-capabilities' content='ocr_page ocr_carea ocr_par ocr_line ocrx_word'/>
</head>
<body>
  <div class='ocr_page' id='page_1' title='image "./djuniijuvenalis01unkngoog_0486.png"; bbox 0 0 3334 5075; ppageno 0'>
   <div class='ocr_carea' id='block_1_1' title="bbox 624 351 2081 421">
    <p class='ocr_par' dir='ltr' id='par_1_1' title="bbox 624 351 2081 421">
     <span class='ocr_line' id='line_1_1' title="bbox 624 351 2081 421; baseline -0.01 0"><span class='ocrx_word' id='word_1_1' title='bbox 624 359 752 421; x_wconf 88' lang='grc'><strong>476</strong></span> <span class='ocrx_word' id='word_1_2' title='bbox 1437 351 1730 408; x_wconf 80' lang='lat' dir='ltr'><strong>Iuvenalis</strong></span> <span class='ocrx_word' id='word_1_3' title='bbox 1764 356 2081 407; x_wconf 81' lang='lat' dir='ltr'><strong>saturarum</strong></span> 
     </span>
    </p>
   </div>
   <div class='ocr_carea' id='block_1_2' title="bbox 623 522 2732 2384">
    <p class='ocr_par' dir='ltr' id='par_1_2' title="bbox 623 522 2732 2384">
     <span class='ocr_line' id='line_1_2' title="bbox 794 522 2299 610; baseline -0.002 -19"><span class='ocrx_word' id='word_1_4' title='bbox 794 525 1097 610; x_wconf 74' lang='lat' dir='ltr'><strong>pupilloS‚</strong></span> <span class='ocrx_word' id='word_1_5' title='bbox 1148 529 1304 606; x_wconf 91' lang='lat' dir='ltr'><strong>quot</strong></span> <span class='ocrx_word' id='word_1_6' title='bbox 1346 525 1546 609; x_wconf 84' lang='lat' dir='ltr'><strong>longa</strong></span> <span class='ocrx_word' id='word_1_7' title='bbox 1588 524 1766 590; x_wconf 81' lang='lat' dir='ltr'><strong>viros</strong></span> <span class='ocrx_word' id='word_1_8' title='bbox 1814 522 2126 590; x_wconf 77' lang='lat' dir='ltr'><strong>exorbeat</strong></span> <span class='ocrx_word' id='word_1_9' title='bbox 2170 544 2299 588; x_wconf 90' lang='lat' dir='ltr'><strong>uno</strong></span> 
     </span>
     <span class='ocr_line' id='line_1_3' title="bbox 792 633 2506 718; baseline -0.001 -16"><span class='ocrx_word' id='word_1_10' title='bbox 792 636 1025 702; x_wconf 85' lang='lat' dir='ltr'><strong>Maura</strong></span> <span class='ocrx_word' id='word_1_11' title='bbox 1068 633 1194 716; x_wconf 89' lang='lat' dir='ltr'><strong>die,</strong></span> <span class='ocrx_word' id='word_1_12' title='bbox 1246 641 1401 717; x_wconf 84' lang='lat' dir='ltr'><strong>quot</strong></span> <span class='ocrx_word' id='word_1_13' title='bbox 1445 634 1802 718; x_wconf 85' lang='lat' dir='ltr'><strong>discipulos</strong></span> <span class='ocrx_word' id='word_1_14' title='bbox 1845 634 2121 700; x_wconf 76' lang='lat' dir='ltr'>inclinet</span> <span class='ocrx_word' id='word_1_15' title='bbox 2163 633 2506 717; x_wconf 89' lang='lat' dir='ltr'><strong>Hamillus,</strong></span> 
     </span>
     <span class='ocr_line' id='line_1_4' title="bbox 627 745 2557 832; baseline 0 -21"><span class='ocrx_word' id='word_1_16' title='bbox 627 755 749 812; x_wconf 83' lang='lat'><strong>225</strong></span> <span class='ocrx_word' id='word_1_17' title='bbox 797 766 1172 832; x_wconf 79' lang='lat' dir='ltr'><strong>percurram</strong></span> <span class='ocrx_word' id='word_1_18' title='bbox 1218 746 1408 812; x_wconf 88' lang='lat' dir='ltr'><strong>citius</strong></span> <span class='ocrx_word' id='word_1_19' title='bbox 1454 754 1608 828; x_wconf 87' lang='lat' dir='ltr'><strong>quot</strong></span> <span class='ocrx_word' id='word_1_20' title='bbox 1651 747 1848 811; x_wconf 80' lang='lat' dir='ltr'><strong>villas</strong></span> <span class='ocrx_word' id='word_1_21' title='bbox 1891 745 2230 830; x_wconf 85' lang='lat' dir='ltr'><strong>possideat</strong></span> <span class='ocrx_word' id='word_1_22' title='bbox 2274 765 2448 811; x_wconf 89' lang='lat' dir='ltr'><strong>nunc</strong></span> <span class='ocrx_word' id='word_1_23' title='bbox 2546 771 2557 776; x_wconf 87' lang='lat'>·</span> 
     </span>
     <span class='ocr_line' id='line_1_5' title="bbox 796 856 2607 943; baseline -0.002 -19"><span class='ocrx_word' id='word_1_24' title='bbox 796 878 923 943; x_wconf 89' lang='lat' dir='ltr'><strong>quo</strong></span> <span class='ocrx_word' id='word_1_25' title='bbox 968 858 1277 924; x_wconf 84' lang='lat' dir='ltr'><strong>tondente</strong></span> <span class='ocrx_word' id='word_1_26' title='bbox 1321 858 1545 942; x_wconf 85' lang='lat' dir='ltr'><strong>gravis</strong></span> <span class='ocrx_word' id='word_1_27' title='bbox 1589 859 1814 924; x_wconf 87' lang='lat' dir='ltr'><strong>iuveni</strong></span> <span class='ocrx_word' id='word_1_28' title='bbox 1859 857 2019 922; x_wconf 87' lang='lat' dir='ltr'><strong>mihi</strong></span> <span class='ocrx_word' id='word_1_29' title='bbox 2064 856 2273 923; x_wconf 87' lang='lat' dir='ltr'><strong>barba</strong></span> <span class='ocrx_word' id='word_1_30' title='bbox 2316 858 2607 925; x_wconf 87' lang='lat' dir='ltr'><strong>sonabat.</strong></span> 
     </span>
     <span class='ocr_line' id='line_1_6' title="bbox 795 967 2599 1051; baseline -0.002 -15"><span class='ocrx_word' id='word_1_31' title='bbox 795 971 912 1036; x_wconf 91' lang='lat' dir='ltr'><strong>ille</strong></span> <span class='ocrx_word' id='word_1_32' title='bbox 957 988 1196 1051; x_wconf 90' lang='lat' dir='ltr'><strong>umero,</strong></span> <span class='ocrx_word' id='word_1_33' title='bbox 1244 970 1351 1034; x_wconf 89' lang='lat' dir='ltr'><strong>hie</strong></span> <span class='ocrx_word' id='word_1_34' title='bbox 1393 969 1650 1050; x_wconf 61' lang='lat' dir='ltr'><strong>lumbffi,</strong></span> <span class='ocrx_word' id='word_1_35' title='bbox 1699 969 1807 1034; x_wconf 88' lang='lat' dir='ltr'><strong>hic</strong></span> <span class='ocrx_word' id='word_1_36' title='bbox 1851 987 2015 1035; x_wconf 79' lang='lat' dir='ltr'><strong>coxa</strong></span> <span class='ocrx_word' id='word_1_37' title='bbox 2058 967 2323 1048; x_wconf 85' lang='lat' dir='ltr'><strong>debilis3</strong></span> <span class='ocrx_word' id='word_1_38' title='bbox 2371 968 2599 1035; x_wconf 87' lang='lat' dir='ltr'><strong>ambos</strong></span> 
     </span>
     <span class='ocr_line' id='line_1_7' title="bbox 794 1079 2426 1167; baseline -0.001 -20"><span class='ocrx_word' id='word_1_39' title='bbox 794 1080 1082 1167; x_wconf 84' lang='lat' dir='ltr'><strong>perdidit</strong></span> <span class='ocrx_word' id='word_1_40' title='bbox 1124 1082 1236 1146; x_wconf 91' lang='lat' dir='ltr'><strong>ille</strong></span> <span class='ocrx_word' id='word_1_41' title='bbox 1281 1081 1502 1146; x_wconf 88' lang='lat' dir='ltr'><strong>oculos</strong></span> <span class='ocrx_word' id='word_1_42' title='bbox 1547 1088 1614 1147; x_wconf 92' lang='lat' dir='ltr'><strong>et</strong></span> <span class='ocrx_word' id='word_1_43' title='bbox 1657 1081 1861 1145; x_wconf 85' lang='lat' dir='ltr'><strong>luscis</strong></span> <span class='ocrx_word' id='word_1_44' title='bbox 1904 1079 2186 1158; x_wconf 85' lang='lat' dir='ltr'><strong>invidet;</strong></span> <span class='ocrx_word' id='word_1_45' title='bbox 2234 1079 2426 1145; x_wconf 88' lang='lat' dir='ltr'><strong>huius</strong></span> 
     </span>
     <span class='ocr_line' id='line_1_8' title="bbox 623 1190 2469 1276; baseline -0.001 -18"><span class='ocrx_word' id='word_1_46' title='bbox 623 1267 634 1276; x_wconf 52' lang='lat'><em>‚</em></span> <span class='ocrx_word' id='word_1_47' title='bbox 795 1192 1044 1276; x_wconf 86' lang='lat' dir='ltr'><strong>pallida</strong></span> <span class='ocrx_word' id='word_1_48' title='bbox 1083 1192 1272 1258; x_wconf 86' lang='lat' dir='ltr'><strong>labra</strong></span> <span class='ocrx_word' id='word_1_49' title='bbox 1315 1193 1529 1258; x_wconf 91' lang='lat' dir='ltr'><strong>cibum</strong></span> <span class='ocrx_word' id='word_1_50' title='bbox 1575 1192 1904 1275; x_wconf 88' lang='lat' dir='ltr'><strong>accipiunt</strong></span> <span class='ocrx_word' id='word_1_51' title='bbox 1948 1190 2171 1275; x_wconf 85' lang='lat' dir='ltr'><strong>digitis</strong></span> <span class='ocrx_word' id='word_1_52' title='bbox 2217 1190 2469 1273; x_wconf 86' lang='lat' dir='ltr'><strong>alienis,</strong></span> 
     </span>
     <span class='ocr_line' id='line_1_9' title="bbox 626 1301 2402 1388; baseline 0 -21"><span class='ocrx_word' id='word_1_53' title='bbox 626 1311 747 1369; x_wconf 88' lang='grc'><strong>230</strong></span> <span class='ocrx_word' id='word_1_54' title='bbox 794 1305 938 1388; x_wconf 90' lang='lat' dir='ltr'><strong>ipse</strong></span> <span class='ocrx_word' id='word_1_55' title='bbox 983 1301 1069 1368; x_wconf 90' lang='lat' dir='ltr'><strong>ad</strong></span> <span class='ocrx_word' id='word_1_56' title='bbox 1115 1308 1528 1386; x_wconf 85' lang='lat' dir='ltr'><strong>conspectum</strong></span> <span class='ocrx_word' id='word_1_57' title='bbox 1574 1321 1776 1368; x_wconf 88' lang='lat' dir='ltr'><strong>cenae</strong></span> <span class='ocrx_word' id='word_1_58' title='bbox 1821 1301 2128 1368; x_wconf 87' lang='lat' dir='ltr'><strong>diducere</strong></span> <span class='ocrx_word' id='word_1_59' title='bbox 2173 1302 2402 1367; x_wconf 85' lang='lat' dir='ltr'><strong>rictum</strong></span> 
     </span>
     <span class='ocr_line' id='line_1_10' title="bbox 795 1412 2732 1497; baseline -0.001 -17"><span class='ocrx_word' id='word_1_60' title='bbox 795 1421 1018 1480; x_wconf 83' lang='lat' dir='ltr'><strong>suetus</strong></span> <span class='ocrx_word' id='word_1_61' title='bbox 1064 1413 1206 1478; x_wconf 84' lang='lat' dir='ltr'><strong>hiat</strong></span> <span class='ocrx_word' id='word_1_62' title='bbox 1247 1420 1500 1479; x_wconf 88' lang='lat' dir='ltr'><strong>tantum</strong></span> <span class='ocrx_word' id='word_1_63' title='bbox 1545 1432 1667 1480; x_wconf 89' lang='lat' dir='ltr'><strong>ceu</strong></span> <span class='ocrx_word' id='word_1_64' title='bbox 1710 1413 1929 1497; x_wconf 80' lang='lat' dir='ltr'><strong>pullus</strong></span> <span class='ocrx_word' id='word_1_65' title='bbox 1974 1412 2359 1495; x_wconf 89' lang='lat' dir='ltr'><strong>hirundinis,</strong></span> <span class='ocrx_word' id='word_1_66' title='bbox 2406 1412 2494 1479; x_wconf 90' lang='lat' dir='ltr'><strong>ad</strong></span> <span class='ocrx_word' id='word_1_67' title='bbox 2539 1432 2732 1495; x_wconf 90' lang='lat' dir='ltr'><strong>quem</strong></span> 
     </span>
     <span class='ocr_line' id='line_1_11' title="bbox 799 1523 2349 1609; baseline -0.001 -18"><span class='ocrx_word' id='word_1_68' title='bbox 799 1545 912 1591; x_wconf 94' lang='lat' dir='ltr'><strong>ore</strong></span> <span class='ocrx_word' id='word_1_69' title='bbox 955 1525 1138 1591; x_wconf 83' lang='lat' dir='ltr'><strong>volat</strong></span> <span class='ocrx_word' id='word_1_70' title='bbox 1181 1525 1377 1609; x_wconf 92' lang='lat' dir='ltr'><strong>pleno</strong></span> <span class='ocrx_word' id='word_1_71' title='bbox 1424 1531 1633 1591; x_wconf 89' lang='lat' dir='ltr'><strong>mater</strong></span> <span class='ocrx_word' id='word_1_72' title='bbox 1676 1525 1919 1590; x_wconf 90' lang='lat' dir='ltr'><strong>ieiuna.</strong></span> <span class='ocrx_word' id='word_1_73' title='bbox 2011 1523 2130 1590; x_wconf 90' lang='lat' dir='ltr'><strong>sed</strong></span> <span class='ocrx_word' id='word_1_74' title='bbox 2174 1526 2349 1590; x_wconf 88' lang='lat' dir='ltr'><strong>omni</strong></span> 
     </span>
     <span class='ocr_line' id='line_1_12' title="bbox 794 1634 2542 1719; baseline -0.001 -17"><span class='ocrx_word' id='word_1_75' title='bbox 794 1636 1227 1702; x_wconf 90' lang='lat' dir='ltr'><strong>membrorum</strong></span> <span class='ocrx_word' id='word_1_76' title='bbox 1273 1634 1510 1702; x_wconf 89' lang='lat' dir='ltr'><strong>damno</strong></span> <span class='ocrx_word' id='word_1_77' title='bbox 1555 1636 1762 1701; x_wconf 90' lang='lat' dir='ltr'><strong>maior</strong></span> <span class='ocrx_word' id='word_1_78' title='bbox 1807 1635 2155 1718; x_wconf 89' lang='lat' dir='ltr'><strong>dementia,</strong></span> <span class='ocrx_word' id='word_1_79' title='bbox 2202 1655 2374 1719; x_wconf 89' lang='lat' dir='ltr'><strong>quae</strong></span> <span class='ocrx_word' id='word_1_80' title='bbox 2416 1656 2542 1701; x_wconf 91' lang='lat' dir='ltr'><strong>nec</strong></span> 
     </span>
     <span class='ocr_line' id='line_1_13' title="bbox 797 1746 2480 1829; baseline -0.001 -16"><span class='ocrx_word' id='word_1_81' title='bbox 797 1748 1061 1813; x_wconf 87' lang='lat' dir='ltr'><strong>nomina</strong></span> <span class='ocrx_word' id='word_1_82' title='bbox 1104 1765 1439 1813; x_wconf 83' lang='lat' dir='ltr'><strong>servorum</strong></span> <span class='ocrx_word' id='word_1_83' title='bbox 1486 1766 1606 1812; x_wconf 89' lang='lat' dir='ltr'><strong>nec</strong></span> <span class='ocrx_word' id='word_1_84' title='bbox 1647 1746 1899 1813; x_wconf 82' lang='lat' dir='ltr'><strong>vultum</strong></span> <span class='ocrx_word' id='word_1_85' title='bbox 1943 1748 2243 1829; x_wconf 81' lang='lat' dir='ltr'><strong>agnoscit</strong></span> <span class='ocrx_word' id='word_1_86' title='bbox 2287 1748 2480 1813; x_wconf 87' lang='lat' dir='ltr'><strong>amici</strong></span> 
     </span>
     <span class='ocr_line' id='line_1_14' title="bbox 627 1857 2441 1942; baseline 0 -19"><span class='ocrx_word' id='word_1_87' title='bbox 627 1867 750 1924; x_wconf 85' lang='grc'><strong>235</strong></span> <span class='ocrx_word' id='word_1_88' title='bbox 798 1878 942 1924; x_wconf 91' lang='lat' dir='ltr'><strong>cum</strong></span> <span class='ocrx_word' id='word_1_89' title='bbox 988 1878 1115 1941; x_wconf 90' lang='lat' dir='ltr'><strong>quo</strong></span> <span class='ocrx_word' id='word_1_90' title='bbox 1162 1858 1518 1942; x_wconf 86' lang='lat' dir='ltr'><strong>praeterita</strong></span> <span class='ocrx_word' id='word_1_91' title='bbox 1561 1858 1823 1925; x_wconf 84' lang='lat' dir='ltr'><strong>cenavit</strong></span> <span class='ocrx_word' id='word_1_92' title='bbox 1865 1866 2073 1940; x_wconf 87' lang='lat' dir='ltr'><strong>nocte,</strong></span> <span class='ocrx_word' id='word_1_93' title='bbox 2121 1877 2245 1924; x_wconf 91' lang='lat' dir='ltr'><strong>nec</strong></span> <span class='ocrx_word' id='word_1_94' title='bbox 2288 1857 2441 1923; x_wconf 90' lang='lat' dir='ltr'><strong>illos</strong></span> 
     </span>
     <span class='ocr_line' id='line_1_15' title="bbox 798 1967 2505 2054; baseline -0.001 -20"><span class='ocrx_word' id='word_1_95' title='bbox 798 1989 958 2052; x_wconf 88' lang='lat' dir='ltr'><strong>quos</strong></span> <span class='ocrx_word' id='word_1_96' title='bbox 1002 1968 1248 2054; x_wconf 84' lang='lat' dir='ltr'><strong>genuit,</strong></span> <span class='ocrx_word' id='word_1_97' title='bbox 1297 1987 1458 2051; x_wconf 89' lang='lat' dir='ltr'><strong>quos</strong></span> <span class='ocrx_word' id='word_1_98' title='bbox 1504 1967 1748 2035; x_wconf 83' lang='lat' dir='ltr'><strong>eduxit.</strong></span> <span class='ocrx_word' id='word_1_99' title='bbox 1841 1988 1994 2034; x_wconf 81' lang='lat' dir='ltr'><strong>nam</strong></span> <span class='ocrx_word' id='word_1_100' title='bbox 2038 1968 2261 2035; x_wconf 89' lang='lat' dir='ltr'><strong>codice</strong></span> <span class='ocrx_word' id='word_1_101' title='bbox 2306 1987 2505 2034; x_wconf 86' lang='lat' dir='ltr'><strong>saevo</strong></span> 
     </span>
     <span class='ocr_line' id='line_1_16' title="bbox 795 2079 2450 2162; baseline 0 -16"><span class='ocrx_word' id='word_1_102' title='bbox 795 2080 1075 2147; x_wconf 90' lang='lat' dir='ltr'><strong>heredes</strong></span> <span class='ocrx_word' id='word_1_103' title='bbox 1120 2086 1301 2147; x_wconf 86' lang='lat' dir='ltr'><strong>vetat</strong></span> <span class='ocrx_word' id='word_1_104' title='bbox 1345 2098 1491 2145; x_wconf 84' lang='lat' dir='ltr'><strong>esse</strong></span> <span class='ocrx_word' id='word_1_105' title='bbox 1537 2098 1708 2162; x_wconf 87' lang='lat' dir='ltr'><strong>suos,</strong></span> <span class='ocrx_word' id='word_1_106' title='bbox 1758 2080 1931 2146; x_wconf 90' lang='lat' dir='ltr'><strong>bona</strong></span> <span class='ocrx_word' id='word_1_107' title='bbox 1974 2086 2111 2146; x_wconf 89' lang='lat' dir='ltr'><strong>tota</strong></span> <span class='ocrx_word' id='word_1_108' title='bbox 2154 2079 2450 2146; x_wconf 86' lang='lat' dir='ltr'><strong>feruntur</strong></span> 
     </span>
     <span class='ocr_line' id='line_1_17' title="bbox 797 2189 2549 2270; baseline -0.001 -14"><span class='ocrx_word' id='word_1_109' title='bbox 797 2191 884 2257; x_wconf 88' lang='lat' dir='ltr'><strong>ad</strong></span> <span class='ocrx_word' id='word_1_110' title='bbox 928 2189 1235 2270; x_wconf 87' lang='lat' dir='ltr'><strong>Phialen;</strong></span> <span class='ocrx_word' id='word_1_111' title='bbox 1283 2198 1534 2256; x_wconf 88' lang='lat' dir='ltr'><strong>tantum</strong></span> <span class='ocrx_word' id='word_1_112' title='bbox 1579 2190 1845 2257; x_wconf 86' lang='lat' dir='ltr'><strong>artificis</strong></span> <span class='ocrx_word' id='word_1_113' title='bbox 1891 2191 2072 2257; x_wconf 84' lang='lat' dir='ltr'><strong>valet</strong></span> <span class='ocrx_word' id='word_1_114' title='bbox 2113 2190 2357 2256; x_wconf 85' lang='lat' dir='ltr'><strong>halitus</strong></span> <span class='ocrx_word' id='word_1_115' title='bbox 2403 2191 2549 2270; x_wconf 76' lang='lat' dir='ltr'><strong>orie,</strong></span> 
     </span>
     <span class='ocr_line' id='line_1_18' title="bbox 794 2300 2538 2384; baseline -0.001 -18"><span class='ocrx_word' id='word_1_116' title='bbox 794 2300 971 2384; x_wconf 91' lang='lat' dir='ltr'><strong>quod</strong></span> <span class='ocrx_word' id='word_1_117' title='bbox 1016 2307 1287 2368; x_wconf 87' lang='lat' dir='ltr'><strong>steterat</strong></span> <span class='ocrx_word' id='word_1_118' title='bbox 1330 2302 1550 2368; x_wconf 86' lang='lat' dir='ltr'><strong>multis</strong></span> <span class='ocrx_word' id='word_1_119' title='bbox 1594 2302 1663 2366; x_wconf 91' lang='lat' dir='ltr'><strong>in</strong></span> <span class='ocrx_word' id='word_1_120' title='bbox 1709 2321 1971 2369; x_wconf 90' lang='lat' dir='ltr'><strong>carcere</strong></span> <span class='ocrx_word' id='word_1_121' title='bbox 2016 2302 2283 2368; x_wconf 79' lang='lat' dir='ltr'><strong>fornicis</strong></span> <span class='ocrx_word' id='word_1_122' title='bbox 2330 2303 2538 2367; x_wconf 86' lang='lat' dir='ltr'><strong>annis.</strong></span> 
     </span>
    </p>
   </div>
   <div class='ocr_carea' id='block_1_3' title="bbox 834 2472 2245 2625">
    <p class='ocr_par' dir='ltr' id='par_1_3' title="bbox 834 2472 2245 2625">
     <span class='ocr_line' id='line_1_19' title="bbox 834 2472 2245 2540; baseline 0 -16"><span class='ocrx_word' id='word_1_123' title='bbox 834 2474 951 2526; x_wconf 92' lang='grc'><strong>230.</strong></span> <span class='ocrx_word' id='word_1_124' title='bbox 1024 2473 1219 2528; x_wconf 90' lang='lat' dir='ltr'><strong>Horat.</strong></span> <span class='ocrx_word' id='word_1_125' title='bbox 1247 2473 1302 2529; x_wconf 85' lang='lat' dir='ltr'><strong>S.</strong></span> <span class='ocrx_word' id='word_1_126' title='bbox 1329 2472 1357 2527; x_wconf 96' lang='lat' dir='ltr'>I</span> <span class='ocrx_word' id='word_1_127' title='bbox 1389 2475 1468 2540; x_wconf 92' lang='grc'><strong>10,</strong></span> <span class='ocrx_word' id='word_1_128' title='bbox 1495 2475 1524 2523; x_wconf 88' lang='grc'><strong>7</strong></span> <span class='ocrx_word' id='word_1_129' title='bbox 1561 2474 1684 2529; x_wconf 85' lang='lat' dir='ltr'><strong>risu</strong></span> <span class='ocrx_word' id='word_1_130' title='bbox 1718 2474 1989 2529; x_wconf 78' lang='lat' dir='ltr'><strong>diducere</strong></span> <span class='ocrx_word' id='word_1_131' title='bbox 2025 2473 2245 2528; x_wconf 83' lang='lat' dir='ltr'><strong>rictum.</strong></span> 
     </span>
     <span class='ocr_line' id='line_1_20' title="bbox 835 2558 1893 2625; baseline 0.002 -16"><span class='ocrx_word' id='word_1_132' title='bbox 835 2560 951 2610; x_wconf 86' lang='grc'><strong>239.</strong></span> <span class='ocrx_word' id='word_1_133' title='bbox 1025 2558 1221 2614; x_wconf 85' lang='lat' dir='ltr'><strong>Horat.</strong></span> <span class='ocrx_word' id='word_1_134' title='bbox 1250 2558 1305 2614; x_wconf 86' lang='lat' dir='ltr'><strong>S.</strong></span> <span class='ocrx_word' id='word_1_135' title='bbox 1331 2559 1360 2613; x_wconf 94' lang='lat'>1</span> <span class='ocrx_word' id='word_1_136' title='bbox 1387 2561 1435 2625; x_wconf 97' lang='grc'><strong>2,</strong></span> <span class='ocrx_word' id='word_1_137' title='bbox 1462 2561 1523 2611; x_wconf 87' lang='grc'><strong>31</strong></span> <span class='ocrx_word' id='word_1_138' title='bbox 1556 2564 1664 2615; x_wconf 85' lang='lat' dir='ltr'><strong>etc.</strong></span> <span class='ocrx_word' id='word_1_139' title='bbox 1703 2566 1893 2615; x_wconf 89' lang='lat' dir='ltr'><strong>unten.</strong></span> 
     </span>
    </p>
   </div>
   <div class='ocr_carea' id='block_1_4' title="bbox 626 2657 1040 2668">
    <p class='ocr_par' dir='ltr' id='par_1_4' title="bbox 626 2657 1040 2668">
     <span class='ocr_line' id='line_1_21' title="bbox 626 2657 1040 2668; baseline 0 2407"><span class='ocrx_word' id='word_1_140' title='bbox 626 2657 1040 2668; x_wconf 95' lang='lat' dir='ltr'><strong> </strong></span> 
     </span>
    </p>
   </div>
   <div class='ocr_carea' id='block_1_5' title="bbox 623 2693 2908 4383">
    <p class='ocr_par' dir='ltr' id='par_1_5' title="bbox 623 2693 2903 2922">
     <span class='ocr_line' id='line_1_22' title="bbox 763 2693 2903 2765; baseline 0.001 -17"><span class='ocrx_word' id='word_1_141' title='bbox 763 2697 879 2748; x_wconf 84' lang='lat'><strong>222.</strong></span> <span class='ocrx_word' id='word_1_142' title='bbox 938 2697 1055 2746; x_wconf 86' lang='grc'><strong>223.</strong></span> <span class='ocrx_word' id='word_1_143' title='bbox 1155 2694 1635 2765; x_wconf 70' lang='lat' dir='ltr'><strong>circumscripserit</strong></span> <span class='ocrx_word' id='word_1_144' title='bbox 1678 2724 1749 2734; x_wconf 92' lang='lat'><strong>—</strong></span> <span class='ocrx_word' id='word_1_145' title='bbox 1783 2695 2064 2765; x_wconf 74' lang='lat' dir='ltr'><strong>pupillos:</strong></span> <span class='ocrx_word' id='word_1_146' title='bbox 2131 2697 2220 2763; x_wconf 84' lang='lat'><strong>15,</strong></span> <span class='ocrx_word' id='word_1_147' title='bbox 2262 2698 2359 2748; x_wconf 88' lang='lat'><strong>135</strong></span> <span class='ocrx_word' id='word_1_148' title='bbox 2403 2693 2439 2749; x_wconf 88' lang='lat' dir='ltr'><strong>f.</strong></span> <span class='ocrx_word' id='word_1_149' title='bbox 2488 2693 2771 2764; x_wconf 84' lang='lat' dir='ltr'><strong>pupillum</strong></span> <span class='ocrx_word' id='word_1_150' title='bbox 2828 2695 2903 2750; x_wconf 74' lang='lat' dir='ltr'><strong>ad</strong></span> 
     </span>
     <span class='ocr_line' id='line_1_23' title="bbox 627 2778 2903 2851; baseline -0 -15"><span class='ocrx_word' id='word_1_151' title='bbox 627 2782 754 2836; x_wconf 89' lang='lat' dir='ltr'><strong>iura</strong></span> <span class='ocrx_word' id='word_1_152' title='bbox 789 2785 1092 2836; x_wconf 82' lang='lat' dir='ltr'><strong>vocantem</strong></span> <span class='ocrx_word' id='word_1_153' title='bbox 1128 2781 1692 2851; x_wconf 73' lang='lat' dir='ltr'><strong>circumscriptorem.</strong></span> <span class='ocrx_word' id='word_1_154' title='bbox 1754 2778 1872 2835; x_wconf 84' lang='lat' dir='ltr'><strong>Cic.</strong></span> <span class='ocrx_word' id='word_1_155' title='bbox 1911 2779 2012 2835; x_wconf 83' lang='lat' dir='ltr'><strong>off.</strong></span> <span class='ocrx_word' id='word_1_156' title='bbox 2052 2779 2142 2834; x_wconf 93' lang='grc' dir='ltr'><strong>ΙΙΙ</strong></span> <span class='ocrx_word' id='word_1_157' title='bbox 2181 2782 2241 2832; x_wconf 86' lang='grc'><strong>61</strong></span> <span class='ocrx_word' id='word_1_158' title='bbox 2284 2780 2738 2848; x_wconf 74' lang='lat' dir='ltr'><strong>circumscriptio</strong></span> <span class='ocrx_word' id='word_1_159' title='bbox 2763 2780 2903 2835; x_wconf 84' lang='lat' dir='ltr'><strong>adu·</strong></span> 
     </span>
     <span class='ocr_line' id='line_1_24' title="bbox 623 2866 975 2922; baseline -0.009 0"><span class='ocrx_word' id='word_1_160' title='bbox 623 2866 975 2922; x_wconf 88' lang='lat' dir='ltr'><strong>lescentium.</strong></span> 
     </span>
    </p>

    <p class='ocr_par' dir='ltr' id='par_1_6' title="bbox 762 2950 1938 3017">
     <span class='ocr_line' id='line_1_25' title="bbox 762 2950 1938 3017; baseline -0.001 -14"><span class='ocrx_word' id='word_1_161' title='bbox 762 2952 878 3003; x_wconf 78' lang='lat'><strong>224.</strong></span> <span class='ocrx_word' id='word_1_162' title='bbox 954 2951 1174 3005; x_wconf 81' lang='lat' dir='ltr'><strong>Maura.</strong></span> <span class='ocrx_word' id='word_1_163' title='bbox 1248 2950 1516 3007; x_wconf 77' lang='lat' dir='ltr'><strong>Dieselbe</strong></span> <span class='ocrx_word' id='word_1_164' title='bbox 1552 2952 1661 3007; x_wconf 84' lang='lat' dir='ltr'><strong>wie</strong></span> <span class='ocrx_word' id='word_1_165' title='bbox 1698 2953 1747 3017; x_wconf 81' lang='lat'><strong>6,</strong></span> <span class='ocrx_word' id='word_1_166' title='bbox 1774 2953 1873 3002; x_wconf 83' lang='lat'><strong>307</strong></span> <span class='ocrx_word' id='word_1_167' title='bbox 1895 2966 1938 3004; x_wconf 84' lang='lat' dir='ltr'><strong>s.</strong></span> 
     </span>
    </p>

    <p class='ocr_par' dir='ltr' id='par_1_7' title="bbox 625 3034 2904 3190">
     <span class='ocr_line' id='line_1_26' title="bbox 763 3034 2904 3102; baseline 0 -13"><span class='ocrx_word' id='word_1_168' title='bbox 763 3034 1056 3089; x_wconf 69' lang='lat' dir='ltr'><strong>Hamillus.</strong></span> <span class='ocrx_word' id='word_1_169' title='bbox 1107 3036 1188 3090; x_wconf 88' lang='lat' dir='ltr'><strong>Zu</strong></span> <span class='ocrx_word' id='word_1_170' title='bbox 1211 3035 1370 3091; x_wconf 81' lang='lat' dir='ltr'><strong>Mart.</strong></span> <span class='ocrx_word' id='word_1_171' title='bbox 1395 3036 1511 3091; x_wconf 87' lang='lat' dir='ltr'><strong>VII</strong></span> <span class='ocrx_word' id='word_1_172' title='bbox 1537 3039 1620 3102; x_wconf 85' lang='grc'><strong>62,</strong></span> <span class='ocrx_word' id='word_1_173' title='bbox 1652 3038 1671 3088; x_wconf 91' lang='lat'><em>1</em></span> <span class='ocrx_word' id='word_1_174' title='bbox 1705 3034 1972 3101; x_wconf 85' lang='lat' dir='ltr'><strong>(Amillus</strong></span> <span class='ocrx_word' id='word_1_175' title='bbox 1995 3035 2126 3090; x_wconf 87' lang='lat' dir='ltr'><strong>dort</strong></span> <span class='ocrx_word' id='word_1_176' title='bbox 2147 3037 2323 3091; x_wconf 81' lang='lat' dir='ltr'><strong>Name</strong></span> <span class='ocrx_word' id='word_1_177' title='bbox 2345 3036 2504 3091; x_wconf 85' lang='lat' dir='ltr'><strong>eines</strong></span> <span class='ocrx_word' id='word_1_178' title='bbox 2529 3035 2613 3092; x_wconf 85' lang='lat' dir='ltr'><strong>als</strong></span> <span class='ocrx_word' id='word_1_179' title='bbox 2636 3035 2904 3092; x_wconf 84' lang='lat' dir='ltr'><strong>Knaben·</strong></span> 
     </span>
     <span class='ocr_line' id='line_1_27' title="bbox 625 3120 1817 3190; baseline -0.003 -13"><span class='ocrx_word' id='word_1_180' title='bbox 625 3121 899 3177; x_wconf 71' lang='lat' dir='ltr'><strong>schiinder</strong></span> <span class='ocrx_word' id='word_1_181' title='bbox 934 3122 1130 3190; x_wconf 83' lang='lat' dir='ltr'><strong>gelten</strong></span> <span class='ocrx_word' id='word_1_182' title='bbox 1165 3120 1491 3175; x_wconf 84' lang='lat' dir='ltr'><strong>wollenden</strong></span> <span class='ocrx_word' id='word_1_183' title='bbox 1526 3120 1817 3187; x_wconf 72' lang='lat' dir='ltr'><strong>Ciniiden).</strong></span> 
     </span>
    </p>

    <p class='ocr_par' dir='ltr' id='par_1_8' title="bbox 624 3205 2904 3360">
     <span class='ocr_line' id='line_1_28' title="bbox 764 3205 2904 3275; baseline 0.001 -17"><span class='ocrx_word' id='word_1_184' title='bbox 764 3205 1000 3272; x_wconf 73' lang='lat' dir='ltr'><strong>inclinet,</strong></span> <span class='ocrx_word' id='word_1_185' title='bbox 1049 3206 1157 3260; x_wconf 81' lang='lat' dir='ltr'><strong>wie</strong></span> <span class='ocrx_word' id='word_1_186' title='bbox 1193 3208 1243 3272; x_wconf 87' lang='grc'><strong>9,</strong></span> <span class='ocrx_word' id='word_1_187' title='bbox 1273 3208 1336 3258; x_wconf 89' lang='grc'><strong>16</strong></span> <span class='ocrx_word' id='word_1_188' title='bbox 1387 3206 1505 3261; x_wconf 89' lang='lat' dir='ltr'><strong>und</strong></span> <span class='ocrx_word' id='word_1_189' title='bbox 1539 3207 1698 3261; x_wconf 83' lang='lat' dir='ltr'><strong>Mart.</strong></span> <span class='ocrx_word' id='word_1_190' title='bbox 1738 3206 1824 3261; x_wconf 87' lang='lat' dir='ltr'><strong>XI</strong></span> <span class='ocrx_word' id='word_1_191' title='bbox 1867 3207 1951 3273; x_wconf 83' lang='lat'><strong>43,</strong></span> <span class='ocrx_word' id='word_1_192' title='bbox 1979 3207 2010 3255; x_wconf 84' lang='lat'>5</span> <span class='ocrx_word' id='word_1_193' title='bbox 2061 3206 2397 3262; x_wconf 83' lang='lat' dir='ltr'><strong>incurvabat</strong></span> <span class='ocrx_word' id='word_1_194' title='bbox 2433 3206 2637 3275; x_wconf 86' lang='lat' dir='ltr'><strong>Hylan.</strong></span> <span class='ocrx_word' id='word_1_195' title='bbox 2715 3207 2904 3262; x_wconf 88' lang='lat' dir='ltr'><strong>Ueber</strong></span> 
     </span>
     <span class='ocr_line' id='line_1_29' title="bbox 624 3289 2633 3360; baseline -0 -15"><span class='ocrx_word' id='word_1_196' title='bbox 624 3289 935 3360; x_wconf 79' lang='lat' dir='ltr'><strong>Anklagen</strong></span> <span class='ocrx_word' id='word_1_197' title='bbox 971 3305 1158 3360; x_wconf 76' lang='lat' dir='ltr'><strong>gegen</strong></span> <span class='ocrx_word' id='word_1_198' title='bbox 1195 3291 1289 3346; x_wconf 85' lang='lat' dir='ltr'><strong>die</strong></span> <span class='ocrx_word' id='word_1_199' title='bbox 1326 3290 1684 3346; x_wconf 81' lang='lat' dir='ltr'><strong>Sittlichkeit</strong></span> <span class='ocrx_word' id='word_1_200' title='bbox 1719 3291 1819 3347; x_wconf 85' lang='lat' dir='ltr'><strong>der</strong></span> <span class='ocrx_word' id='word_1_201' title='bbox 1854 3290 2215 3347; x_wconf 82' lang='lat' dir='ltr'><strong>Schullehrer</strong></span> <span class='ocrx_word' id='word_1_202' title='bbox 2251 3291 2357 3348; x_wconf 83' lang='lat' dir='ltr'><strong>SG.</strong></span> <span class='ocrx_word' id='word_1_203' title='bbox 2385 3292 2414 3346; x_wconf 94' lang='lat'>1</span> <span class='ocrx_word' id='word_1_204' title='bbox 2441 3294 2559 3358; x_wconf 90' lang='grc'><strong>320,</strong></span> <span class='ocrx_word' id='word_1_205' title='bbox 2587 3295 2633 3344; x_wconf 88' lang='grc'><strong>5.</strong></span> 
     </span>
    </p>

    <p class='ocr_par' dir='ltr' id='par_1_9' title="bbox 764 3374 2420 3444">
     <span class='ocr_line' id='line_1_30' title="bbox 764 3374 2420 3444; baseline 0.001 -17"><span class='ocrx_word' id='word_1_206' title='bbox 764 3378 881 3428; x_wconf 86' lang='grc'><strong>225.</strong></span> <span class='ocrx_word' id='word_1_207' title='bbox 954 3382 1081 3444; x_wconf 78' lang='lat' dir='ltr'><strong>quot</strong></span> <span class='ocrx_word' id='word_1_208' title='bbox 1114 3375 1301 3429; x_wconf 71' lang='lat' dir='ltr'><strong>villas.-</strong></span> <span class='ocrx_word' id='word_1_209' title='bbox 1342 3379 1423 3442; x_wconf 77' lang='lat'><strong>14,</strong></span> <span class='ocrx_word' id='word_1_210' title='bbox 1450 3377 1654 3428; x_wconf 80' lang='lat'>86—95</span> <span class='ocrx_word' id='word_1_211' title='bbox 1691 3376 1810 3430; x_wconf 84' lang='lat' dir='ltr'><strong>und</strong></span> <span class='ocrx_word' id='word_1_212' title='bbox 1846 3374 1952 3430; x_wconf 82' lang='lat' dir='ltr'><strong>SG.</strong></span> <span class='ocrx_word' id='word_1_213' title='bbox 1980 3375 2007 3428; x_wconf 96' lang='lat' dir='ltr'>I</span> <span class='ocrx_word' id='word_1_214' title='bbox 2046 3379 2144 3428; x_wconf 83' lang='lat'><strong>146</strong></span> <span class='ocrx_word' id='word_1_215' title='bbox 2180 3376 2270 3431; x_wconf 93' lang='lat'><strong>111</strong></span> <span class='ocrx_word' id='word_1_216' title='bbox 2309 3380 2420 3429; x_wconf 87' lang='grc'><strong>100.</strong></span> 
     </span>
    </p>

    <p class='ocr_par' dir='ltr' id='par_1_10' title="bbox 763 3460 1230 3527">
     <span class='ocr_line' id='line_1_31' title="bbox 763 3460 1230 3527; baseline 0 -15"><span class='ocrx_word' id='word_1_217' title='bbox 763 3462 879 3512; x_wconf 90' lang='grc'><strong>226.</strong></span> <span class='ocrx_word' id='word_1_218' title='bbox 953 3460 1034 3515; x_wconf 89' lang='lat' dir='ltr'><strong>Zu</strong></span> <span class='ocrx_word' id='word_1_219' title='bbox 1075 3463 1119 3527; x_wconf 85' lang='lat'><strong>1,</strong></span> <span class='ocrx_word' id='word_1_220' title='bbox 1146 3463 1230 3513; x_wconf 88' lang='grc'><strong>25.</strong></span> 
     </span>
    </p>

    <p class='ocr_par' dir='ltr' id='par_1_11' title="bbox 626 3544 2902 3699">
     <span class='ocr_line' id='line_1_32' title="bbox 764 3544 2902 3614; baseline 0.002 -18"><span class='ocrx_word' id='word_1_221' title='bbox 764 3547 879 3597; x_wconf 85' lang='grc'><strong>227.</strong></span> <span class='ocrx_word' id='word_1_222' title='bbox 954 3562 1085 3598; x_wconf 76' lang='lat' dir='ltr'><strong>coxa</strong></span> <span class='ocrx_word' id='word_1_223' title='bbox 1119 3544 1321 3598; x_wconf 70' lang='lat' dir='ltr'><strong>debili-5.</strong></span> <span class='ocrx_word' id='word_1_224' title='bbox 1392 3545 1692 3602; x_wconf 75' lang='lat' dir='ltr'><strong>Maecenas</strong></span> <span class='ocrx_word' id='word_1_225' title='bbox 1727 3544 1820 3600; x_wconf 84' lang='lat' dir='ltr'><strong>bei</strong></span> <span class='ocrx_word' id='word_1_226' title='bbox 1858 3544 1983 3601; x_wconf 83' lang='lat' dir='ltr'><strong>Seu.</strong></span> <span class='ocrx_word' id='word_1_227' title='bbox 2022 3546 2166 3614; x_wconf 88' lang='lat' dir='ltr'><strong>Epp.</strong></span> <span class='ocrx_word' id='word_1_228' title='bbox 2196 3547 2308 3611; x_wconf 91' lang='grc'><strong>101,</strong></span> <span class='ocrx_word' id='word_1_229' title='bbox 2340 3548 2397 3597; x_wconf 91' lang='grc'><strong>11</strong></span> <span class='ocrx_word' id='word_1_230' title='bbox 2440 3545 2688 3602; x_wconf 78' lang='lat' dir='ltr'><strong>debilem</strong></span> <span class='ocrx_word' id='word_1_231' title='bbox 2724 3544 2902 3601; x_wconf 76' lang='lat' dir='ltr'><strong>facito</strong></span> 
     </span>
     <span class='ocr_line' id='line_1_33' title="bbox 626 3629 1494 3699; baseline -0.001 -15"><span class='ocrx_word' id='word_1_232' title='bbox 626 3645 812 3695; x_wconf 88' lang='lat' dir='ltr'><strong>manu,</strong></span> <span class='ocrx_word' id='word_1_233' title='bbox 850 3629 1098 3684; x_wconf 87' lang='lat' dir='ltr'><strong>debilem</strong></span> <span class='ocrx_word' id='word_1_234' title='bbox 1134 3629 1297 3699; x_wconf 89' lang='lat' dir='ltr'><strong>pede,</strong></span> <span class='ocrx_word' id='word_1_235' title='bbox 1336 3646 1494 3686; x_wconf 85' lang='lat' dir='ltr'><strong>coxa.</strong></span> 
     </span>
    </p>

    <p class='ocr_par' dir='ltr' id='par_1_12' title="bbox 625 3714 2904 4027">
     <span class='ocr_line' id='line_1_34' title="bbox 768 3714 2904 3781; baseline 0.003 -16"><span class='ocrx_word' id='word_1_236' title='bbox 768 3716 882 3767; x_wconf 83' lang='grc'><strong>236.</strong></span> <span class='ocrx_word' id='word_1_237' title='bbox 921 3716 1037 3766; x_wconf 87' lang='grc'><strong>237.</strong></span> <span class='ocrx_word' id='word_1_238' title='bbox 1112 3714 1283 3768; x_wconf 77' lang='lat' dir='ltr'><strong>codice</strong></span> <span class='ocrx_word' id='word_1_239' title='bbox 1316 3743 1387 3756; x_wconf 87' lang='grc'><strong>-</strong></span> <span class='ocrx_word' id='word_1_240' title='bbox 1420 3715 1635 3769; x_wconf 66' lang='lat' dir='ltr'><strong>heredes</strong></span> <span class='ocrx_word' id='word_1_241' title='bbox 1670 3745 1739 3754; x_wconf 94' lang='lat'><strong>—</strong></span> <span class='ocrx_word' id='word_1_242' title='bbox 1773 3733 1908 3769; x_wconf 70' lang='lat' dir='ltr'><strong>suos.</strong></span> <span class='ocrx_word' id='word_1_243' title='bbox 1982 3716 2094 3771; x_wconf 91' lang='lat' dir='ltr'><strong>Die</strong></span> <span class='ocrx_word' id='word_1_244' title='bbox 2129 3715 2366 3771; x_wconf 84' lang='lat' dir='ltr'><strong>heredes</strong></span> <span class='ocrx_word' id='word_1_245' title='bbox 2404 3716 2494 3771; x_wconf 89' lang='lat' dir='ltr'><strong>sui</strong></span> <span class='ocrx_word' id='word_1_246' title='bbox 2533 3716 2601 3781; x_wconf 88' lang='lat' dir='ltr'><strong>(d.</strong></span> <span class='ocrx_word' id='word_1_247' title='bbox 2626 3716 2679 3770; x_wconf 85' lang='lat' dir='ltr'><strong>h.</strong></span> <span class='ocrx_word' id='word_1_248' title='bbox 2707 3716 2767 3771; x_wconf 91' lang='lat' dir='ltr'><strong>in</strong></span> <span class='ocrx_word' id='word_1_249' title='bbox 2804 3716 2904 3771; x_wconf 90' lang='lat' dir='ltr'><strong>der</strong></span> 
     </span>
     <span class='ocr_line' id='line_1_35' title="bbox 627 3799 2903 3867; baseline 0.001 -13"><span class='ocrx_word' id='word_1_250' title='bbox 627 3799 849 3855; x_wconf 81' lang='lat' dir='ltr'><strong>Gewalt</strong></span> <span class='ocrx_word' id='word_1_251' title='bbox 902 3799 1003 3855; x_wconf 89' lang='lat' dir='ltr'><strong>des</strong></span> <span class='ocrx_word' id='word_1_252' title='bbox 1048 3800 1373 3856; x_wconf 80' lang='lat' dir='ltr'><strong>Erblassers</strong></span> <span class='ocrx_word' id='word_1_253' title='bbox 1425 3800 1739 3856; x_wconf 87' lang='lat' dir='ltr'><strong>stehenden</strong></span> <span class='ocrx_word' id='word_1_254' title='bbox 1791 3800 1915 3857; x_wconf 91' lang='lat' dir='ltr'><strong>also</strong></span> <span class='ocrx_word' id='word_1_255' title='bbox 1964 3801 2184 3856; x_wconf 86' lang='lat' dir='ltr'><strong>Kinder</strong></span> <span class='ocrx_word' id='word_1_256' title='bbox 2238 3800 2356 3855; x_wconf 88' lang='lat' dir='ltr'><strong>und</strong></span> <span class='ocrx_word' id='word_1_257' title='bbox 2402 3801 2553 3856; x_wconf 83' lang='lat' dir='ltr'><strong>Fran</strong></span> <span class='ocrx_word' id='word_1_258' title='bbox 2606 3801 2668 3855; x_wconf 90' lang='lat' dir='ltr'><strong>in</strong></span> <span class='ocrx_word' id='word_1_259' title='bbox 2716 3803 2903 3867; x_wconf 89' lang='lat' dir='ltr'><strong>manu)</strong></span> 
     </span>
     <span class='ocr_line' id='line_1_36' title="bbox 627 3884 2904 3942; baseline 0 -2"><span class='ocrx_word' id='word_1_260' title='bbox 627 3884 939 3940; x_wconf 85' lang='lat' dir='ltr'><strong>brauchten</strong></span> <span class='ocrx_word' id='word_1_261' title='bbox 986 3901 1111 3941; x_wconf 81' lang='lat' dir='ltr'><strong>zum</strong></span> <span class='ocrx_word' id='word_1_262' title='bbox 1155 3884 1380 3940; x_wconf 83' lang='lat' dir='ltr'><strong>Antritt</strong></span> <span class='ocrx_word' id='word_1_263' title='bbox 1426 3885 1526 3941; x_wconf 90' lang='lat' dir='ltr'><strong>der</strong></span> <span class='ocrx_word' id='word_1_264' title='bbox 1573 3884 1875 3942; x_wconf 81' lang='lat' dir='ltr'><strong>Erbschaft</strong></span> <span class='ocrx_word' id='word_1_265' title='bbox 1920 3885 2089 3941; x_wconf 86' lang='lat' dir='ltr'><strong>keine</strong></span> <span class='ocrx_word' id='word_1_266' title='bbox 2149 3885 2463 3941; x_wconf 86' lang='lat' dir='ltr'><strong>besondere</strong></span> <span class='ocrx_word' id='word_1_267' title='bbox 2515 3885 2683 3940; x_wconf 86' lang='lat' dir='ltr'><strong>Form</strong></span> <span class='ocrx_word' id='word_1_268' title='bbox 2735 3901 2904 3940; x_wconf 76' lang='lat' dir='ltr'><strong>anzu-</strong></span> 
     </span>
     <span class='ocr_line' id='line_1_37' title="bbox 625 3970 1432 4027; baseline -0.001 -3"><span class='ocrx_word' id='word_1_269' title='bbox 625 3971 880 4027; x_wconf 84' lang='lat' dir='ltr'><strong>wenden.</strong></span> <span class='ocrx_word' id='word_1_270' title='bbox 942 3970 1123 4027; x_wconf 84' lang='lat' dir='ltr'><strong>Gaius</strong></span> <span class='ocrx_word' id='word_1_271' title='bbox 1158 3972 1217 4026; x_wconf 95' lang='lat' dir='ltr'><strong>II</strong></span> <span class='ocrx_word' id='word_1_272' title='bbox 1245 3974 1344 4024; x_wconf 86' lang='grc'><strong>156</strong></span> <span class='ocrx_word' id='word_1_273' title='bbox 1369 3970 1432 4025; x_wconf 82' lang='lat' dir='ltr'><strong>fr.</strong></span> 
     </span>
    </p>

    <p class='ocr_par' dir='ltr' id='par_1_13' title="bbox 626 4056 2908 4383">
     <span class='ocr_line' id='line_1_38' title="bbox 766 4056 2906 4125; baseline 0.001 -17"><span class='ocrx_word' id='word_1_274' title='bbox 766 4059 882 4109; x_wconf 88' lang='grc'><strong>239.</strong></span> <span class='ocrx_word' id='word_1_275' title='bbox 953 4062 1187 4111; x_wconf 71' lang='lat' dir='ltr'><strong>steterat.</strong></span> <span class='ocrx_word' id='word_1_276' title='bbox 1260 4057 1423 4113; x_wconf 86' lang='lat' dir='ltr'><strong>Stare</strong></span> <span class='ocrx_word' id='word_1_277' title='bbox 1449 4058 1524 4112; x_wconf 91' lang='lat' dir='ltr'><strong>im</strong></span> <span class='ocrx_word' id='word_1_278' title='bbox 1550 4056 1726 4113; x_wconf 86' lang='lat' dir='ltr'><strong>Sinne</strong></span> <span class='ocrx_word' id='word_1_279' title='bbox 1761 4073 1877 4114; x_wconf 83' lang='lat' dir='ltr'><strong>von</strong></span> <span class='ocrx_word' id='word_1_280' title='bbox 1912 4062 2171 4125; x_wconf 79' lang='lat' dir='ltr'><strong>prostare</strong></span> <span class='ocrx_word' id='word_1_281' title='bbox 2207 4058 2429 4113; x_wconf 87' lang='lat' dir='ltr'><strong>scheint</strong></span> <span class='ocrx_word' id='word_1_282' title='bbox 2464 4057 2593 4113; x_wconf 90' lang='lat' dir='ltr'><strong>eine</strong></span> <span class='ocrx_word' id='word_1_283' title='bbox 2617 4056 2729 4112; x_wconf 79' lang='lat' dir='ltr'><strong>Art</strong></span> <span class='ocrx_word' id='word_1_284' title='bbox 2751 4056 2906 4113; x_wconf 87' lang='lat' dir='ltr'><strong>tech-</strong></span> 
     </span>
     <span class='ocr_line' id='line_1_39' title="bbox 627 4141 2905 4212; baseline 0 -16"><span class='ocrx_word' id='word_1_285' title='bbox 627 4142 851 4198; x_wconf 88' lang='lat' dir='ltr'><strong>nischer</strong></span> <span class='ocrx_word' id='word_1_286' title='bbox 884 4141 1190 4199; x_wconf 85' lang='lat' dir='ltr'><strong>Ausdruck</strong></span> <span class='ocrx_word' id='word_1_287' title='bbox 1225 4157 1489 4212; x_wconf 77' lang='lat' dir='ltr'><strong>gewesen</strong></span> <span class='ocrx_word' id='word_1_288' title='bbox 1535 4158 1605 4197; x_wconf 86' lang='lat' dir='ltr'><strong>zu</strong></span> <span class='ocrx_word' id='word_1_289' title='bbox 1653 4144 1793 4198; x_wconf 86' lang='lat' dir='ltr'><strong>sein.</strong></span> <span class='ocrx_word' id='word_1_290' title='bbox 1870 4145 2092 4210; x_wconf 81' lang='lat'><strong>11‚172.</strong></span> <span class='ocrx_word' id='word_1_291' title='bbox 2135 4144 2233 4195; x_wconf 88' lang='grc'><strong>173</strong></span> <span class='ocrx_word' id='word_1_292' title='bbox 2280 4143 2494 4197; x_wconf 89' lang='lat' dir='ltr'><strong>nudum</strong></span> <span class='ocrx_word' id='word_1_293' title='bbox 2543 4143 2701 4197; x_wconf 88' lang='lat' dir='ltr'><strong>olido</strong></span> <span class='ocrx_word' id='word_1_294' title='bbox 2746 4146 2905 4197; x_wconf 78' lang='lat' dir='ltr'><strong>stans</strong></span> 
     </span>
     <span class='ocr_line' id='line_1_40' title="bbox 626 4226 2908 4298; baseline 0 -16"><span class='ocrx_word' id='word_1_295' title='bbox 626 4227 868 4284; x_wconf 85' lang='lat' dir='ltr'><strong>Forniee</strong></span> <span class='ocrx_word' id='word_1_296' title='bbox 902 4229 1263 4298; x_wconf 87' lang='lat' dir='ltr'><strong>mancipium.</strong></span> <span class='ocrx_word' id='word_1_297' title='bbox 1336 4227 1453 4283; x_wconf 88' lang='lat' dir='ltr'><strong>Cic.</strong></span> <span class='ocrx_word' id='word_1_298' title='bbox 1480 4228 1637 4284; x_wconf 88' lang='lat' dir='ltr'><strong>Verr.</strong></span> <span class='ocrx_word' id='word_1_299' title='bbox 1665 4229 1726 4283; x_wconf 94' lang='lat' dir='ltr'><strong>II</strong></span> <span class='ocrx_word' id='word_1_300' title='bbox 1754 4230 1852 4282; x_wconf 84' lang='lat'><strong>154</strong></span> <span class='ocrx_word' id='word_1_301' title='bbox 1888 4228 2061 4285; x_wconf 83' lang='lat' dir='ltr'><strong>huius</strong></span> <span class='ocrx_word' id='word_1_302' title='bbox 2094 4228 2286 4284; x_wconf 82' lang='lat' dir='ltr'><strong>fornix</strong></span> <span class='ocrx_word' id='word_1_303' title='bbox 2334 4229 2396 4282; x_wconf 90' lang='lat' dir='ltr'><strong>in</strong></span> <span class='ocrx_word' id='word_1_304' title='bbox 2446 4226 2571 4282; x_wconf 88' lang='lat' dir='ltr'><strong>foro</strong></span> <span class='ocrx_word' id='word_1_305' title='bbox 2608 4227 2908 4298; x_wconf 83' lang='lat' dir='ltr'><strong>Syracusis</strong></span> 
     </span>
     <span class='ocr_line' id='line_1_41' title="bbox 628 4312 2905 4383; baseline -0.002 -13"><span class='ocrx_word' id='word_1_306' title='bbox 628 4318 732 4379; x_wconf 90' lang='lat' dir='ltr'><strong>est,</strong></span> <span class='ocrx_word' id='word_1_307' title='bbox 769 4314 831 4368; x_wconf 91' lang='lat' dir='ltr'><strong>in</strong></span> <span class='ocrx_word' id='word_1_308' title='bbox 867 4329 981 4383; x_wconf 88' lang='lat' dir='ltr'><strong>quo</strong></span> <span class='ocrx_word' id='word_1_309' title='bbox 1006 4314 1194 4370; x_wconf 88' lang='lat' dir='ltr'><strong>nudus</strong></span> <span class='ocrx_word' id='word_1_310' title='bbox 1218 4313 1371 4371; x_wconf 87' lang='lat' dir='ltr'><strong>filius</strong></span> <span class='ocrx_word' id='word_1_311' title='bbox 1396 4319 1526 4370; x_wconf 86' lang='lat' dir='ltr'><strong>stat.</strong></span> <span class='ocrx_word' id='word_1_312' title='bbox 1583 4315 1777 4370; x_wconf 82' lang='lat' dir='ltr'><strong>Horat.</strong></span> <span class='ocrx_word' id='word_1_313' title='bbox 1806 4313 1859 4368; x_wconf 87' lang='lat' dir='ltr'><strong>S.</strong></span> <span class='ocrx_word' id='word_1_314' title='bbox 1885 4314 1914 4368; x_wconf 94' lang='lat'>1</span> <span class='ocrx_word' id='word_1_315' title='bbox 1941 4317 1988 4381; x_wconf 88' lang='grc'><strong>2,</strong></span> <span class='ocrx_word' id='word_1_316' title='bbox 2017 4316 2079 4365; x_wconf 88' lang='grc'><strong>31</strong></span> <span class='ocrx_word' id='word_1_317' title='bbox 2109 4315 2288 4370; x_wconf 87' lang='lat' dir='ltr'><strong>olenti</strong></span> <span class='ocrx_word' id='word_1_318' title='bbox 2317 4314 2376 4368; x_wconf 93' lang='lat' dir='ltr'><strong>in</strong></span> <span class='ocrx_word' id='word_1_319' title='bbox 2400 4312 2618 4369; x_wconf 86' lang='lat' dir='ltr'><strong>fornice</strong></span> <span class='ocrx_word' id='word_1_320' title='bbox 2643 4320 2905 4370; x_wconf 87' lang='lat' dir='ltr'><strong>stantem.</strong></span> 
     </span>
    </p>
   </div>
  </div>
 </body>
</html>
