3334 5075
648 147 775 211 600
1463 140 1754 196 Iuvenalis
1789 146 2106 196 saturarum

816 315 969 379 vivo
1013 320 1200 398 patre
1245 311 1454 379 datur.
1544 332 1695 378 nam
1742 331 1911 394 quae
1955 318 2105 378 sunt
2147 318 2339 397 parta
2379 313 2606 378 labore

818 426 1108 506 militiae,
1156 423 1406 509 placuit
1451 445 1580 490 non
1627 441 1774 490 esse
1817 424 1885 490 in
1931 441 2202 508 eorpore
2247 443 2499 506 census,

819 556 1006 602 omne
1050 542 1228 602 tenet
1271 536 1454 601 ouius
1500 537 1796 619 regimen
1839 542 2045 620 pater.
2139 554 2297 618 ergo
2341 534 2661 601 Coranum

694 656 770 711 55
818 648 1153 731 signorum
1195 647 1492 713 eomitem
1537 653 2022 729 castrorumque
2065 666 2221 712 aera
2262 653 2621 712 merentem

820 760 1118 841 quamvis
1160 759 1293 825 iam
1335 758 1649 824 tremulus
1693 764 1915 841 captat
1956 765 2172 843 pater;
2219 758 2391 824 hune
2435 757 2621 824 favor
2663 776 2915 840 aequus

819 870 1117 955 provehit
1159 875 1225 935 et
1268 868 1539 954 pulchro
1584 868 1802 936 reddit
1845 888 1964 935 sua
2007 868 2184 936 dona
2225 870 2450 935 labori.

818 983 1028 1066 ipsius
1073 987 1246 1047 certe
1289 980 1472 1046 ducis
1516 980 1639 1046 hoo
1683 979 1929 1047 referre
1976 981 2231 1048 videtur

855 1223 936 1272 56.
1009 1224 1205 1289 oaptat
1239 1234 1400 1275 soeer
1438 1219 1722 1274 Heinrich.

855 1304 1016 1360 favor
1054 1304 1299 1374 Ruperti
1328 1304 1492 1361 labor
1530 1307 1638 1360 Ρω.

860 1513 939 1562 55.
1014 1511 1176 1567 ovid.
1204 1510 1328 1567 Am.
1354 1511 1383 1565 1
1409 1513 1457 1578 9,
1483 1515 1549 1564 44
1587 1512 1759 1568 iussit
1794 1517 1853 1567 et
1889 1512 1949 1566 in
1985 1512 2186 1568 eastris
2222 1525 2351 1566 aere
2386 1527 2597 1568 merere
2633 1513 2768 1568 suis.

651 1717 837 1774 faeere
890 1723 1305 1775 testamentum.
1385 1717 1589 1773 Statim
1647 1718 1798 1774 enim
1854 1718 1898 1773 ii
1945 1719 2044 1787 qui
2088 1717 2277 1774 alieno
2323 1719 2435 1773 iuri
2478 1718 2726 1775 subiecti
2767 1727 2918 1787 sunt,

652 1804 975 1859 testamenti
1010 1802 1261 1859 faciendi
1299 1805 1387 1860 ius
1424 1819 1539 1859 non
1572 1803 1801 1870 habent,
1837 1803 1981 1859 adeo
2018 1803 2249 1873 quidem
2283 1808 2348 1858 ut
2369 1805 2629 1872 quamvis
2653 1813 2920 1874 parentes

652 1890 737 1945 eis
783 1890 1169 1959 permiserint,
1213 1889 1393 1945 nihilo
1440 1889 1623 1958 magis
1669 1889 1791 1944 iure
1839 1890 2038 1944 testari
2073 1889 2320 1958 possint:
2369 1889 2628 1958 exeeptis
2662 1891 2736 1946 iis
2773 1906 2918 1960 quos

651 1981 822 2031 antea
855 1977 1321 2042 enumeravimus,
1360 1980 1420 2030 et
1454 1976 1762 2045 praecipue
1797 1974 2079 2031 militibus
2102 1975 2202 2044 qui
2227 1975 2288 2030 in
2310 1978 2598 2044 potestate
2620 1981 2918 2045 parentum

651 2066 809 2128 sunt,
860 2061 1069 2130 quibus
1112 2061 1184 2116 de
1231 2075 1302 2115 eo
1349 2061 1503 2129 quod
1551 2061 1611 2115 in
1657 2061 1860 2116 oasa-is
1896 2061 2308 2129 acquisierunt,
2355 2060 2689 2129 permissum
2723 2067 2813 2116 est
2845 2077 2916 2117 ex

651 2146 1164 2202 eonstitutionibus
1197 2146 1521 2215 principum
1555 2151 1956 2202 testamentum
1989 2144 2191 2202 facere.
2228 2176 2299 2186 —
2330 2147 2419 2202 Ex
2452 2147 2562 2201 hoo
2597 2145 2919 2215 intelligere

650 2247 975 2301 possumus,
1020 2231 1176 2300 quod
1218 2230 1279 2285 in
1328 2231 1532 2287 eastris
1581 2233 1916 2301 aequisierit
1949 2231 2135 2298 miles,
2183 2232 2279 2301 qui
2319 2231 2379 2286 in
2413 2236 2700 2299 potestate
2733 2233 2916 2300 patris

653 2324 763 2382 est,
808 2330 992 2386 neque
1038 2317 1225 2385 ipsum
1269 2322 1489 2384 patrem
1534 2317 1781 2373 adimere
1826 2333 2018 2388 posse,
2063 2332 2247 2387 neque
2294 2318 2475 2386 patris
2512 2317 2822 2374 oreditores
2857 2318 2919 2372 id

652 2402 899 2459 vendere
941 2401 1032 2458 vel
1070 2402 1236 2457 aliter
1273 2402 1591 2471 inquietare
1624 2418 1810 2473 neque
1845 2410 2007 2471 patre
2041 2411 2266 2460 mortuo
2301 2419 2430 2459 oum
2464 2401 2736 2459 fratribus
2769 2419 2918 2459 eom-

652 2503 819 2545 mune
865 2503 1012 2555 esse,
1066 2487 1168 2543 sed
1203 2487 1427 2544 seilicet
1460 2490 1751 2559 proprium
1788 2490 1912 2546 eius
1947 2504 2069 2546 esse
2106 2489 2166 2545 id
2201 2489 2356 2560 quod
2391 2489 2452 2545 in
2487 2489 2691 2545 eastris
2725 2489 2920 2559 aequi·

653 2576 831 2641 sierit,
869 2590 1207 2644 quamquam
1235 2574 1357 2630 iure
1382 2575 1541 2630 oivili
1580 2577 1845 2643 omnium,
1883 2576 1982 2644 qui
2019 2577 2080 2631 in
2115 2580 2403 2646 potestate
2435 2584 2732 2644 parentum
2768 2582 2917 2643 sunt,

653 2661 882 2731 peoulia
915 2660 1153 2731 perinde
1190 2660 1251 2714 in
1275 2660 1443 2715 bonis
1465 2668 1764 2730 parentum
1788 2667 2187 2732 computantur
2211 2678 2279 2717 ae
2303 2661 2352 2717 si
2379 2675 2668 2717 servorum
2689 2661 2920 2730 peculia

653 2747 715 2801 in
749 2747 916 2804 bonis
953 2745 1305 2802 dominorum
1339 2753 1717 2802 numerantur.

791 2834 1012 2886 51—56.
1082 2831 1267 2887 Ueber
1311 2832 1406 2887 die
1443 2832 1691 2903 3malige
1728 2833 2172 2903 Wiederholung
2212 2850 2328 2889 von
2361 2838 2526 2902 pater
2562 2833 2624 2887 in
2658 2834 2691 2883 ὃ
2725 2830 2918 2888 Zeilen

654 2936 696 2975 s.
734 2918 882 2975 Einl.
920 2917 975 2975 S.
1002 2919 1084 2983 56,
1112 2919 1157 2969 8.

790 3007 871 3056 53.
945 3003 1003 3057 in
1039 3020 1257 3072 corpore
1291 3021 1486 3057 census.
1546 3003 1716 3073 Digg.
1743 3003 1828 3059 IV
1852 3006 1898 3072 2,
1927 3006 1992 3056 20
2029 3020 2236 3074 eorpus
2272 3004 2616 3072 patrimonii.
2668 3002 2916 3058 Dirksen

653 3089 930 3156 Manuale,
967 3087 1187 3159 Corpus
1210 3093 1241 3154 ἓ
1267 3090 1376 3145 3Α.

793 3177 875 3227 54.
953 3175 1236 3230 Coranum.
1306 3175 1417 3230 Die
1451 3174 2043 3245 Uebereinstimmung·
2089 3175 2191 3232 des
2222 3176 2468 3232 Namens
2512 3176 2615 3231 mit
2657 3174 2785 3231 dem
2818 3175 2920 3230 des

652 3257 819 3314 fortis
853 3259 1110 3316 Coranus
1144 3260 1339 3316 Horat.
1367 3261 1421 3317 S.
1448 3261 1505 3315 11
1532 3264 1580 3327 5,
1607 3263 1672 3312 55
1688 3302 1701 3329 ,
1750 3261 1850 3317 der
1894 3262 2093 3318 seinen
2135 3262 2399 3332 geizigen
2435 3261 2918 3330 Sohwiegervater

654 3345 866 3400 Nasica
901 3345 1078 3401 dureh
1112 3347 1236 3402 sein
1267 3346 1599 3404 Testament
1634 3347 1981 3415 enttiiusoht,
2031 3348 2107 3404 ist
2140 3349 2268 3404 eine
2301 3348 2427 3402 rein
2462 3345 2754 3416 zufallige,
2802 3345 2921 3401 und

656 3430 755 3485 cler
798 3429 919 3484 hier
962 3431 1246 3487 erw’ahnte
1291 3432 1415 3488 Fall
1458 3432 1557 3488 der
1591 3432 2076 3489 Erbsohleioherei
2121 3432 2280 3488 eines
2315 3432 2522 3489 Vaters
2563 3433 2659 3488 bei
2708 3432 2921 3487 seinem

657 3516 734 3570 im
758 3515 964 3572 Dienst
994 3516 1091 3572 bei
1129 3517 1229 3572 cler
1253 3516 1441 3573 Garde
1475 3518 1821 3587 vermogend
1855 3519 2234 3589 gewordenen
2258 3517 2411 3575 Sohn
2447 3519 2604 3575 hatte
2627 3518 2752 3574 sieh
2774 3516 2920 3573 ohne

658 3599 888 3657 Zweifel
923 3602 983 3656 in
1016 3601 1294 3658 Juvenals
1331 3605 1456 3658 Zeit
1490 3610 1849 3673 zugetrageu.

795 3689 876 3740 56.
936 3690 1128 3759 favor,
1164 3689 1273 3744 wie
1310 3689 1504 3745 Horat.
1532 3689 1586 3745 S.
1613 3689 1674 3743 ΙΙ
1703 3692 1748 3757 1,
1774 3692 1807 3741 ὃ
1842 3705 1958 3744 non
1978 3690 2323 3759 respondere
2347 3689 2598 3747 favorem
2622 3687 2920 3758 Speratum

657 3774 889 3831 meritis.

794 3862 876 3911 57.
945 3859 1206 3929 provoluit.
1276 3859 1409 3915 Tae.
1444 3860 1513 3915 Η.
1549 3861 1608 3915 II
1636 3864 1700 3913 75
1750 3877 1781 3916 e
1824 3862 2089 3931 gregario
2137 3862 2211 3918 ad
2253 3876 2467 3918 summa
2508 3859 2750 3917 militiae
2791 3875 2923 3928 pro-

656 3950 897 4001 veetum.
971 3946 1060 4000 111
1083 3948 1152 3998 44
1188 3946 1397 4002 milites
1433 3961 1468 4000 a
1503 3945 1742 4003 Vitellio
1776 3948 2052 4016 provecti.

795 4030 970 4085 labori
999 4030 1147 4087 naoh
1180 4030 1374 4088 labore
1401 4033 1491 4084 52:
1529 4031 1677 4087 Einl.
1715 4032 1769 4088 S.
1798 4035 1880 4099 56,
1907 4035 1954 4086 8.

797 4120 879 4172 58.
950 4117 1100 4171 ducis
1136 4118 1236 4173 des
1271 4117 1522 4185 Kaisers,
1557 4120 1667 4174 wie
1704 4120 1752 4185 4,
1781 4120 1902 4187 145;
1943 4122 1990 4187 7,
2017 4120 2099 4172 21.
