3334 5075
1148 49 1321 106 Liber
1354 50 1604 120 quintus.
1677 48 1882 106 Satura
1916 50 2040 106 XV.
2611 56 2732 119 591

640 221 960 306 principio
1003 221 1275 288 indulsit
1316 223 1672 288 eommunis
1717 221 2011 288 conditor
2053 222 2191 289 illis

637 339 892 399 tantum
936 334 1207 416 animae,
1254 333 1443 399 nobis
1486 334 1773 399 animum
1817 354 2092 418 quoque,
2138 342 2397 402 mutuus
2442 344 2514 402 ut
2555 357 2674 404 nos

472 452 592 508 150
638 443 937 510 adfectus
981 452 1208 529 petere
1253 445 1569 510 auxilium
1617 452 1684 511 et
1725 452 2063 529 praestare
2105 446 2377 528 iuberet,

639 555 969 640 dispersos
1012 557 1275 623 trahere
1319 557 1388 621 in
1430 556 1760 641 populum,
1809 557 2092 642 migrare
2135 565 2391 625 vetusto

637 667 722 734 de
764 687 1029 734 nemore
1075 675 1142 734 et
1182 669 1451 753 proavis
1493 668 1824 735 habitatas
1866 670 2160 753 linquere
2205 670 2424 752 silvae,

638 778 985 845 aedificare
1027 778 1269 862 domos,
1314 781 1560 847 laribus
1606 781 2000 866 coniungere
2045 782 2283 849 nostris

636 898 877 958 tectum
920 891 1122 974 aliud,
1171 898 1341 957 tutos
1384 893 1602 957 vicino
1645 893 1873 958 limine
1916 911 2176 959 somnos

470 1009 587 1066 155
636 1009 709 1068 ut
750 1003 992 1069 collata
1034 1002 1223 1069 daret
1263 1002 1521 1084 fiducia,
1566 1010 1909 1088 protegere
1954 1005 2153 1070 armis

634 1116 892 1199 lapsum
936 1120 1055 1180 aut
1092 1115 1345 1199 ingenti
1388 1121 1722 1181 nutantem
1767 1116 2037 1182 vulnere
2085 1117 2312 1199 civem,

636 1226 959 1292 communi
1005 1224 1166 1291 dare
1210 1227 1402 1311 signa
1444 1225 1620 1309 tuba,
1669 1225 2013 1293 defendier
2055 1227 2267 1294 isdem

634 1339 920 1405 turribus
967 1344 1162 1421 atque
1206 1357 1339 1404 una
1381 1344 1711 1422 portarum
1756 1337 1944 1404 clave
1988 1341 2214 1405 teneri.

635 1447 755 1514 sed
798 1450 932 1514 iam
975 1455 1349 1532 serpentum
1393 1450 1600 1515 maior
1643 1449 2003 1532 concordia,
2051 1452 2262 1535 parcit

671 1639 785 1690 153.
858 1637 1055 1692 Horat.
1082 1636 1136 1693 S.
1162 1635 1222 1691 Π
1249 1639 1296 1704 3,
1322 1639 1421 1689 247
1461 1636 1764 1692 aedificare
1800 1654 1977 1693 casas.

601 1803 714 1854 148.
787 1800 1076 1854 conmuni-5
1109 1800 1366 1855 conditor.
1439 1799 1568 1856 Seu.
1590 1802 1736 1872 Epp.
1768 1804 1882 1869 119,
1925 1804 1986 1854 15
2033 1801 2097 1857 id
2141 1807 2330 1858 aetum
2377 1807 2467 1858 est
2516 1803 2587 1860 ab
2632 1804 2733 1860 illo

459 1888 657 1942 mundi
694 1887 1010 1955 conditore,
1049 1888 1148 1956 qui
1183 1886 1351 1943 nobis
1385 1887 1622 1943 vivendi
1660 1889 1787 1942 iura
1812 1887 2132 1956 descripsit.
2192 1888 2275 1942 Id.
2302 1888 2465 1944 Prov.
2493 1891 2541 1956 5,
2568 1891 2598 1941 8
2635 1890 2733 1946 ille

460 1973 586 2041 ipse
622 1973 873 2028 omnium
911 1972 1177 2028 conditor
1212 1979 1273 2027 et
1304 1978 1493 2029 rector
1527 1973 1761 2042 scripsit
1794 1973 2024 2043 quidem
2047 1972 2168 2029 fata
2190 1974 2293 2029 sed
2316 1974 2586 2044 sequitur.
2648 1975 2732 2030 Id.

456 2057 667 2113 Phoen.
693 2059 794 2110 655
831 2058 1097 2114 conditor
1130 2057 1325 2113 mundi
1363 2057 1518 2114 deus.

600 2145 714 2195 149.
785 2143 993 2197 animas
1027 2174 1097 2182 —
1133 2143 1384 2197 animum.
1461 2144 1606 2200 Non.
1653 2160 1709 2213 p.
1750 2145 1853 2196 426
1899 2144 2120 2202 animus
2168 2150 2256 2201 est
2303 2161 2416 2215 quo
2464 2143 2732 2216 sapimus,

458 2230 663 2297 anima,
712 2244 827 2298 qua
859 2230 1120 2285 vivimus.
1195 2228 1323 2284 Sen.
1363 2230 1509 2299 Epp.
1542 2233 1592 2297 4,
1624 2232 1658 2282 4
1709 2228 1944 2286 difficile
1990 2235 2079 2285 est
2126 2232 2375 2286 animum
2420 2227 2734 2301 perducere

457 2315 531 2371 ad
567 2316 1047 2385 contemptionem
1084 2315 1320 2370 animae.

600 2404 886 2456 149—158.
957 2402 1069 2457 Die
1104 2399 1457 2456 Urzustiinde
1503 2399 1601 2455 der
1634 2399 1988 2455 Menschheit
2031 2401 2148 2455 und
2197 2402 2292 2457 die
2326 2400 2595 2472 Anflinge
2632 2403 2733 2459 der

458 2485 827 2543 Civilisation
861 2502 1052 2544 waren
1095 2485 1243 2542 ohne
1281 2483 1510 2541 Zweifel
1547 2484 1643 2540 ein
1678 2485 1894 2541 sowohl
1940 2486 2229 2555 poetisch,
2289 2488 2375 2545 als
2418 2488 2566 2544 auch
2607 2489 2732 2545 rhe-

452 2573 667 2629 torisch
690 2571 809 2628 viel
831 2572 1198 2629 behandelter
1224 2570 1604 2641 Gegenstand.
1665 2571 1813 2627 Eine
1836 2571 2200 2641 Erinnerung
2222 2589 2296 2628 an
2322 2574 2418 2629 die
2439 2573 2731 2631 bekannte

454 2657 839 2727 Schilderung
874 2658 974 2714 des
1008 2659 1223 2714 Lucrez
1257 2658 1412 2727 zeigt
1446 2656 1569 2714 sich
1603 2656 1727 2712 hier
1764 2656 1909 2713 eben
1943 2672 2008 2712 so
2043 2658 2234 2728 wenig
2267 2658 2380 2714 wie
2415 2660 2463 2725 6,
2494 2662 2518 2713 1
2546 2660 2602 2713 ff.

594 2746 691 2796 149
707 2760 752 2800 s.
823 2744 1047 2800 Lucret.
1081 2743 1136 2799 V
1175 2746 1302 2797 1011
1354 2744 1488 2799 inde
1536 2759 1699 2800 casas
1745 2750 2049 2813 postquam
2084 2759 2152 2798 ac
2200 2742 2376 2812 pellis
2429 2745 2731 2814 ignemque

454 2837 744 2898 pararunt,
777 2831 985 2882 -1019
1009 2829 1172 2884 Tunc
1197 2836 1256 2885 et
1279 2830 1591 2886 amicitiam
1615 2833 1930 2898 coeperunt
1954 2828 2189 2897 iungere
2214 2834 2448 2886 aventes
2471 2830 2731 2887 Finitimi

453 2915 606 2972 inter
641 2930 703 2971 se
736 2929 846 2970 nec
879 2914 1110 2970 laedere
1145 2931 1253 2971 nec
1288 2915 1514 2971 violari.

592 3003 683 3053 151
701 3017 743 3057 s.
816 2999 933 3056 Cic.
960 3001 1080 3057 Inv.
1116 3002 1144 3056 I
1178 3004 1211 3053 2
1256 3018 1386 3056 nam
1432 3000 1545 3056 fuit
1590 3001 1875 3069 quoddam
1929 3004 2175 3069 tempus,
2232 3016 2406 3070 quum
2454 3001 2517 3055 in
2567 3002 2725 3069 agris

449 3085 706 3141 homines
740 3086 949 3156 passim
985 3086 1294 3143 bestiarum
1326 3102 1480 3142 more
1515 3086 1873 3155 vagabantur
1909 3089 1968 3140 et
2010 3084 2123 3140 sibi
2170 3084 2331 3140 victu
2376 3084 2498 3143 fero
2545 3086 2728 3141 vitam

447 3171 857 3241 propagabant.
894 3203 965 3212 —
998 3202 1069 3213 —
1102 3204 1172 3212 —
1217 3189 1331 3243 quo
1368 3178 1621 3241 tempore
1658 3172 1908 3242 quidam,
1956 3186 2194 3239 magnus
2229 3170 2505 3227 videlicet
2537 3171 2628 3225 vir
2664 3176 2726 3227 et

448 3256 676 3325 sapiens
714 3284 786 3296 -
819 3286 887 3298 —-
923 3258 1211 3328 dispersos
1245 3259 1501 3314 homines
1537 3259 1599 3312 in
1634 3259 1787 3328 agris
1825 3264 1883 3312 et
1918 3257 1980 3311 in
2014 3256 2188 3312 tectis
2226 3255 2583 3313 silvestribus
2620 3256 2723 3313 ab·

461 3342 614 3398 ditos
650 3343 874 3398 ratione
911 3344 1153 3413 quadam
1188 3343 1465 3414 compulit
1498 3360 1673 3399 unum
1709 3345 1770 3399 in
1804 3343 1992 3398 locum
2027 3348 2086 3400 et
2120 3344 2493 3413 congregavit
2527 3350 2634 3399 etc.

592 3430 704 3480 153.
788 3428 1005 3484 tarazas.
1077 3430 1159 3485 zu
1194 3431 1242 3497 3,
1272 3433 1386 3483 110.
2613 3485 2622 3495 ,

588 3516 702 3566 155.
775 3516 969 3569 collata
988 3545 1061 3554 —
1078 3514 1326 3587 fidum’a:
1362 3517 1458 3572 die
1481 3514 1879 3584 Vereinigung
1911 3514 2013 3571 des
2036 3531 2151 3570 von
2165 3514 2360 3585 jedem
2391 3514 2491 3571 der
2513 3514 2726 3571 beiden

448 3600 750 3657 Nachbarn
783 3599 1066 3670 gehegten
1099 3599 1467 3658 Vertrauens.

589 3688 685 3738 157
711 3702 754 3741 s.
829 3686 1065 3742 Lucret.
1102 3685 1159 3742 V
1202 3689 1334 3741 1440
1401 3687 1514 3743 iam
1564 3686 1782 3742 validis
1842 3687 2028 3755 saepti
2091 3686 2378 3755 degebant
2468 3683 2727 3741 turribus

449 3787 668 3828 aevom.

588 3860 872 3913 159-164,
920 3858 1053 3913 Hor.
1069 3858 1248 3927 Epod.
1272 3860 1319 3925 7,
1343 3860 1421 3911 11.
1446 3860 1508 3910 12
1533 3873 1718 3928 neque
1743 3857 1836 3913 hic
1858 3858 2012 3927 lupis
2034 3872 2158 3912 mos
2179 3853 2421 3919 nec‚fuit
2436 3854 2704 3911 leonibus

445 3944 775 4013 Numquam,
812 3945 925 4000 nisi
962 3946 1023 4000 in
1059 3944 1253 4014 dispar
1286 3941 1437 4000 feris.
1509 3943 1637 4000 Sen.
1674 3944 1817 4014 Epp.
1857 3945 1939 4012 95,
1966 3946 2028 3997 31
2067 3958 2183 3997 non
2228 3941 2410 4011 pudet
2457 3941 2722 3999 homines

444 4057 514 4066 —
548 4029 697 4085 bella
731 4045 928 4100 gerere
951 4061 1021 4070 —
1045 4046 1172 4085 cum
1208 4031 1357 4085 inter
1394 4045 1455 4086 se
1497 4031 1671 4086 etiam
1696 4029 1870 4085 mutis
1894 4045 1962 4084 ac
1985 4026 2123 4084 feris
2145 4043 2260 4098 pax
2284 4028 2374 4084 sit.
2434 4026 2519 4082 Id.
2546 4026 2720 4085 Clem.

2213 4131 2307 4183 15*
