3334 5075
661 385 788 448 462
1479 380 1770 438 Iuvenalis
1805 387 2122 438 saturarum

836 552 1250 637 spectandae,
1301 552 1595 636 gaudent
1638 570 1881 619 omnes.
1972 545 2168 634 ‘quae
2210 552 2413 634 labra,
2464 553 2612 634 quie
2654 552 2754 619 illi

835 664 1055 730 vultus
1102 670 1257 730 erat.
1349 683 1722 747 numquam,
1771 664 1829 729 ei
1872 662 2032 746 quid
2074 662 2233 727 mihi
2280 662 2514 745 credie,
2561 663 2777 729 amavi

833 775 1008 841 hunc
1051 774 1393 842 hominem.
1485 775 1605 841 sed
1650 794 1777 858 quo
1822 773 2059 841 cecidit
2101 774 2223 840 sub
2268 774 2586 841 crimine?
2634 776 2936 858 quisnam

710 895 786 950 70
834 885 1088 952 delator
1131 888 1367 969 quibus
1408 884 1754 968 indicibus,
1803 905 1931 968 quo
1976 891 2144 952 teste
2187 880 2563 969 probavit?

836 998 927 1063 nil
972 998 1231 1077 horum;
1278 997 1558 1064 verbosa
1601 1004 1667 1063 et
1710 996 1981 1080 grandis
2027 997 2316 1079 epistula
2360 998 2544 1063 venit

834 1130 877 1174 a
920 1109 1209 1192 Capreis.
1300 1095 1488 1175 ‘bene
1532 1108 1749 1189 habet,
1800 1107 1892 1172 nil
1938 1107 2087 1191 plue
2130 1108 2478 1191 interrogo.
2569 1106 2690 1174 eed
2733 1105 2893 1191 quid

835 1220 1029 1286 turba
1073 1220 1258 1286 Remi
1279 1213 1347 1283 9³
1390 1220 1685 1302 sequitur
1727 1218 2052 1284 fortunam
2095 1224 2169 1283 ut
2211 1237 2468 1302 semper
2512 1223 2580 1284 et
2622 1216 2759 1284 odit

837 1330 1197 1396 damnatos.
1287 1329 1465 1395 idem
1510 1330 1808 1414 populue,
1856 1330 1914 1395 ei
1956 1329 2192 1395 Nortia
2234 1330 2444 1396 Tusco

710 1450 785 1504 75
834 1440 1123 1521 favisset,
1173 1441 1231 1506 si
1276 1458 1596 1525 oppressa
1640 1441 1806 1506 foret
1851 1459 2084 1507 secura
2127 1446 2430 1506 senectus

837 1553 1168 1637 principie,
1214 1551 1340 1617 hac
1384 1553 1530 1636 ipsa
1575 1550 1886 1617 Seianum
1932 1550 2180 1616 diceret
2222 1551 2384 1617 hora

834 1663 1214 1747 Augustum.
1308 1663 1439 1728 iam
1483 1660 1757 1746 pridem,
1806 1681 1889 1727 ex
1934 1682 2062 1745 quo
2107 1661 2422 1745 suffragia
2465 1662 2626 1727 nulli

835 1773 1196 1856 vendimu8‚
1246 1772 1476 1839 effudit
1519 1791 1738 1851 curae;
1785 1792 1935 1838 nam
1984 1773 2094 1855 qui
2139 1772 2339 1838 dabat
2384 1772 2539 1838 olim

833 1885 1178 1969 imperium
1223 1883 1437 1950 fasces
1482 1883 1780 1968 legiones
1826 1885 2059 1964 omnia,
2108 1901 2281 1949 nunc
2326 1901 2399 1948 ee

709 2003 788 2060 80
836 1997 1125 2062 continet
1167 2003 1366 2077 atque
1412 1993 1577 2060 duae
1622 2001 1874 2060 tantum
1919 2013 2026 2059 res
2069 1995 2306 2059 anxius
2351 2001 2548 2077 optat,

871 2203 993 2255 780.
1067 2198 1367 2254 claudian.
1403 2199 1548 2254 Bell.
1588 2198 1741 2253 Gild.
1777 2199 1842 2250 96
1858 2214 1930 2254 se.
1986 2197 2089 2253 ille
2143 2198 2244 2253 diu
2296 2198 2462 2254 miles
2512 2196 2778 2268 populus,
2832 2200 2931 2268 qul

661 2284 912 2354 praefuit
949 2285 1090 2351 orbi,
1129 2283 1241 2349 Qui
1276 2285 1500 2340 trabeae
1536 2290 1597 2339 et
1631 2290 1859 2353 sceptra
1895 2283 2082 2339 dabat.

801 2459 864 2508 72
881 2473 951 2512 es.
1027 2454 1215 2511 Schol.
1244 2453 1408 2523 Cruq.
1437 2453 1632 2510 Horat.
1661 2453 1721 2510 C.
1748 2455 1774 2508 I
1804 2456 1886 2521 28,
1914 2456 1979 2506 25
2020 2454 2137 2520 (sed
2170 2484 2241 2494 —
2277 2454 2606 2518 damnatos).

659 2637 915 2707 patietur
939 2636 1183 2691 carceris
1207 2649 1428 2690 uncum.
1479 2634 1632 2690 Suet.
1656 2634 1783 2690 Tib.
1810 2635 1869 2685 61
1912 2648 2174 2703 uncoque
2199 2639 2429 2690 tractus.
2478 2633 2617 2690 Vita
2640 2633 2933 2690 Commodi

667 2724 745 2789 18,
775 2724 837 2774 19
874 2722 974 2790 qui
1010 2728 1267 2777 senatum
1304 2720 1535 2786 occidit,
1574 2736 1723 2774 unco
1760 2718 2013 2775 trahatur
2048 2724 2154 2775 ete.
2227 2719 2354 2788 Vgl.
2393 2736 2464 2774 zu
2504 2722 2547 2783 1,
2579 2721 2691 2772 157.

800 2807 864 2857 68
884 2822 927 2861 e.
1001 2805 1219 2861 Seneca
1253 2807 1394 2875 Epp.
1423 2808 1504 2871 55,
1535 2806 1564 2856 3
1601 2806 1868 2873 quotiens
1905 2805 2130 2874 aliquos
2152 2833 2222 2844 -
2246 2804 2441 2860 Seiani
2475 2805 2685 2871 odium,
2724 2804 2933 2861 deinde

661 2907 814 2947 amor
858 2896 1153 2959 merserat,
1201 2905 1382 2961 aeque
1426 2890 1576 2945 enlm
1622 2890 1929 2946 offendisse
1975 2889 2135 2945 illum
2181 2905 2350 2958 quam
2397 2904 2615 2945 amasse
2650 2888 2933 2957 periculo·

659 2992 784 3033 sum
818 2974 944 3033 fuit-

798 3064 880 3114 69.
954 3061 1144 3115 cecidit
1177 3063 1272 3115 sub
1309 3061 1545 3114 crimine.
1621 3061 1702 3115 Zu
1738 3064 1786 3126 4,
1824 3063 1902 3113 12.

801 3150 882 3199 70.
955 3145 1073 3201 Cic.
1111 3145 1332 3202 Cluent.
1372 3148 1437 3198 38
1490 3146 1649 3201 nullo
1685 3150 1847 3211 teste,
1901 3145 2060 3201 nullo
2098 3146 2303 3201 indice.
2377 3144 2613 3209 Quintil.
2640 3144 2755 3200 VII
2793 3148 2840 3213 2,
2868 3148 2931 3197 54

660 3233 1003 3289 adulterium
1027 3232 1235 3287 obicis:
1275 3232 1404 3299 quie
1427 3232 1609 3295 testie,
1648 3233 1777 3299 quis
1802 3231 2015 3286 index?
2052 3231 2234 3286 Index
2257 3230 2377 3286 und
2398 3232 2564 3286 testie
2590 3246 2932 3287 zusammen-

659 3319 890 3387 gestent
925 3317 1070 3373 auch
1104 3316 1237 3371 Tac.
1264 3314 1334 3371 A.
1360 3316 1450 3370 III
1481 3318 1541 3367 10
1580 3316 1662 3371 IV
1690 3318 1754 3368 28
1793 3316 1901 3371 XV
1928 3319 2009 3368 55.

800 3407 880 3455 71.
954 3402 1198 3471 epistula.
1250 3401 1418 3456 Ihren
1443 3400 1632 3456 Inhalt
1666 3401 1830 3471 giebt
1864 3399 2210 3457 auefflhrlieh
2246 3399 2398 3456 Caes.
2424 3400 2540 3456 Dlo
2564 3400 2756 3456 LVIII
2781 3403 2813 3453 9
2843 3416 2930 3455 an.

801 3491 880 3540 72.
957 3487 1191 3555 Capreis.
1263 3485 1392 3554 vgl.
1431 3501 1481 3540 v.
1511 3488 1593 3537 93.

799 3575 882 3625 73.
955 3572 1113 3624 turba
1153 3570 1327 3623 Remi.
1407 3569 1614 3626 Catull.
1652 3572 1736 3638 58,
1770 3573 1799 3621 5
1837 3570 2225 3638 magnanimos
2262 3570 2429 3625 Remi
2465 3576 2717 3639 nepotes.
2791 3570 2929 3626 Stat

662 3659 716 3714 S.
744 3658 801 3713 II
831 3660 877 3723 7,
905 3659 970 3708 60
1008 3655 1351 3710 culminibus
1388 3656 1556 3711 Remi
1594 3660 1883 3723 vagantes.

802 3744 882 3793 74.
956 3740 1162 3794 Nortia
1209 3742 1393 3794 Tueco.
1441 3740 1553 3796 Die
1590 3740 1942 3796 etruekieche
1968 3739 2481 3809 Schickealegbttin
2506 3741 2707 3797 Nortia
2740 3740 2933 3797 wurde

660 3827 971 3884 besonders
1007 3827 1067 3881 in
1104 3826 1370 3892 Volsinii,
1410 3827 1535 3881 dem
1571 3825 1941 3881 Geburtsorte
1977 3824 2193 3895 Sejane,
2230 3826 2467 3881 verehrt
2516 3825 2622 3882 SG.
2648 3825 2738 3879 111
2764 3827 2880 3878 593.

801 3915 864 3965 75
885 3930 928 3968 e.
999 3930 1188 3967 secura
1221 3917 1455 3966 senectae
1493 3911 1786 3980 Principia.
1859 3911 1940 3965 Zu
1976 3915 2024 3977 4,
2051 3912 2133 3962 81.

799 4000 880 4051 78.
954 3997 1149 4070 effudit
1184 4016 1355 4051 eura-s.
1406 3996 1624 4053 Seneca
1647 3997 1743 4052 Ira
1766 3996 1826 4050 II
1852 3998 1934 4063 35,
1961 3999 1991 4049 3
2029 4010 2361 4065 omnemque
2397 4010 2587 4051 curam
2623 3995 2714 4050 eui
2758 3994 2934 4050 effun-

663 4087 887 4223 dentia
928 4172 1007 4223 79.
1080 4171 1303 4226 Lueret.
1342 4169 1433 4224 111
1469 4171 1569 4221 995
1590 4185 1663 4225 ee.
1718 4172 1913 4237 petere
1951 4184 1986 4222 a
2019 4165 2235 4236 populo
2272 4164 2458 4223 faeces
2490 4194 2563 4207 —
2596 4173 2792 4235 petere
2833 4165 2937 4220 im-

659 4258 898 4328 perium.

801 4340 993 4395 omnia.
1069 4345 1151 4397 Zu
1188 4344 1234 4408 3,
1262 4344 1342 4394 38.
