3334 5075
653 367 779 428 242
1473 359 1764 417 Iuvenalis
1800 365 2116 436 saturarum

826 534 1117 601 delatore
1162 532 1421 600 forent?
1470 531 1748 616 dispersi
1797 532 2088 616 protinus
2131 531 2325 616 algae

826 646 1243 727 inquisitores
1288 652 1558 727 agerent
1603 662 1746 709 cum
1792 644 2039 727 remige
2085 642 2258 709 nudo

700 765 777 820 50
823 776 952 822 non
998 756 1354 840 dubitaturi
1399 755 1749 840 fugitivum
1793 753 2009 820 dicere
2054 756 2300 837 piscem

824 867 1298 952 depastumque
1342 865 1456 931 diu
1501 867 1755 932 vivaria
1799 865 2120 948 Caesaris,
2166 865 2321 933 inde

824 980 1120 1064 elapsum
1164 986 1455 1045 veterem
1499 976 1584 1042 ad
1629 976 1962 1042 dominum
2007 976 2246 1043 debere
2289 978 2546 1044 reverti.

827 1092 884 1157 si
928 1089 1085 1172 quid
1126 1089 1436 1170 Palfurio,
1485 1089 1541 1153 si
1586 1088 1910 1154 credimus
1954 1087 2311 1170 Armillato,

826 1200 1147 1285 quidquid
1190 1201 1607 1284 conspicuum
1652 1200 2120 1284 pulchrumque
2165 1208 2264 1266 est
2308 1219 2593 1283 aequore
2638 1206 2787 1282 toto,

698 1323 775 1379 55
822 1332 928 1380 res
971 1313 1108 1379 fisci
1153 1320 1267 1394 est,
1315 1312 1704 1394 ubicumque
1748 1319 1948 1377 natat.
2039 1310 2381 1378 donabitur
2427 1331 2600 1395 erge,

825 1444 907 1490 ne
951 1431 1191 1508 pereat.
1281 1424 1415 1489 iam
1457 1422 1711 1489 letifero
1758 1422 2029 1489 cedente
2072 1423 2321 1507 pruinis

825 1545 1149 1618 autumn0‚
1197 1535 1329 1601 iam
1376 1542 1762 1617 quartanam
1807 1534 2218 1618 sperantibus
2264 1536 2479 1618 aegris

864 1729 944 1778 57.
1018 1724 1397 1794 sperantibus]
1445 1724 1848 1793 superantibus
1887 1726 1986 1788 (vel
2016 1724 2426 1792 spernentibus>
2466 1722 2686 1792 Maemy
2721 1721 2913 1776 Phicol.

656 1812 953 1868 XLVIII
973 1829 1032 1880 p.
1060 1817 1208 1864 649⁸.
1789 1847 1794 1850 .

801 1970 865 2019 56
877 1984 918 2023 s.
995 1966 1149 2022 Serv.
1176 1965 1343 2034 Verg.
1370 1963 1437 2020 A.
1464 1963 1548 2020 VI
1574 1965 1674 2015 309
1713 1965 1842 2028 (iam
1864 1993 1934 2002 —
1959 1967 2260 2026 autumno).

655 2124 1065 2179 latorenwesen
1101 2119 1257 2174 seine
1293 2123 1512 2187 grosste
1547 2118 1726 2173 the.
1784 2117 2013 2174 Sueton.
2052 2117 2261 2173 Domit.
2300 2135 2346 2173 c.
2376 2119 2440 2170 12
2475 2118 2626 2173 bona
2661 2118 2918 2172 vivorum

655 2224 723 2263 ac
758 2215 1103 2261 mortuorum
1149 2218 1328 2273 usque
1365 2220 1588 2273 quaque
1626 2204 1883 2273 quolibet
1917 2210 1977 2259 et
2010 2208 2343 2258 accusatore
2380 2210 2438 2259 et
2473 2203 2707 2258 crimine
2744 2204 2917 2258 corri-

655 2293 972 2364 piebantur.
1044 2289 1171 2357 Vgl.
1208 2288 1528 2344 Philostrat.
1565 2287 1753 2358 Apoll.
1790 2288 1853 2342 Τ.
1880 2289 1994 2345 VII
2020 2289 2237 2340 23—25.
2309 2289 2452 2344 Plin.
2488 2290 2624 2343 Pan.
2664 2292 2728 2341 34
2756 2306 2796 2344 s.

791 2379 873 2429 48.
947 2376 1121 2444 alque,
1162 2376 1445 2430 entweder
1490 2376 1567 2429 im
1603 2374 1986 2443 cigentlichen
2023 2373 2163 2429 Sinn
2200 2374 2338 2430 oder
2384 2373 2796 2444 metonymisch
2829 2373 2921 2429 fflr

656 2462 788 2520 Ufer
823 2462 933 2516 wie
972 2459 1174 2515 Catull.
1214 2463 1296 2525 64,
1323 2462 1389 2512 60
1425 2475 1477 2514 u.
1524 2462 1632 2511 168.

796 2549 876 2600 51.
948 2546 1159 2599 vivaria
1203 2545 1459 2611 caesaris,
1496 2545 1755 2613 piscinae
1782 2545 2039 2601 Caesaris
2073 2546 2215 2600 Plin.
2241 2546 2307 2602 N.
2334 2546 2385 2600 h.
2425 2545 2479 2600 X
2508 2548 2620 2597 193.
2679 2546 2919 2601 Martial.

657 2634 741 2690 IV
766 2637 848 2687 30.
891 2632 1038 2701 Aug.
1066 2632 1153 2687 De
1178 2647 1303 2701 gen.
1331 2631 1406 2686 ad
1427 2631 1535 2686 litt.
1564 2630 1654 2685 111
1680 2635 1711 2695 ἓ
1739 2633 1802 2683 12
1839 2633 2070 2699 quidam
2093 2633 2454 2701 scripserunt,
2493 2646 2638 2700 quae
2672 2632 2921 2687 animad-

658 2725 878 2777 vertere
913 2722 1223 2788 potuerunt
1259 2718 1318 2771 in
1353 2717 1592 2772 vivariis
1627 2718 1873 2786 piscium
1907 2718 2086 2772 multa
2119 2718 2387 2772 miranda.

798 2808 877 2857 53.
951 2803 1210 2875 Palfurio
1234 2833 1304 2842 —
1328 2802 1635 2856 Armillato.
1687 2801 1872 2857 Schol.
1906 2801 2188 2857 Palfurius
2223 2802 2379 2871 Sura,
2418 2803 2730 2859 consularis
2753 2802 2919 2869 filius,

658 2892 764 2949 sub
801 2892 1023 2946 Nerone
1066 2888 1315 2944 luctatus
1364 2894 1452 2943 est
1498 2892 1643 2953 (cum
1677 2888 1902 2957 virgine
1950 2887 2375 2942 lacedaemonia
2422 2889 2483 2942 in
2529 2903 2712 2957 agone
2747 2889 2918 2944 schol.

656 2976 899 3044 Vallae);
946 2981 1079 3044 post
1123 2973 1257 3028 inde
1302 2989 1337 3028 a
1371 2973 1727 3043 Vespasiano
1779 2980 1981 3030 senatu
2026 2979 2212 3029 motus
2259 2973 2525 3029 transivit
2562 2974 2634 3028 ad
2682 2974 2920 3029 stoicam

658 3068 883 3129 sectam,
921 3062 982 3115 in
1018 3075 1131 3130 qua
1166 3075 1292 3114 cum
1328 3059 1683 3128 praevaleret
1719 3065 1777 3115 et
1812 3059 2139 3128 eloquentia
2175 3066 2233 3114 et
2268 3060 2407 3115 artis
2436 3050 2697 3128 poeticae
2722 3058 2921 3128 gloria,

660 3150 868 3205 abusus
901 3146 1288 3202 familiaritate
1322 3144 1638 3199 Domitiani
1676 3145 2038 3201 acerbissime
2073 3152 2264 3213 partes
2309 3144 2614 3200 delationis
2650 3145 2920 3200 exercuit.

659 3250 771 3304 quo
810 3231 1125 3299 interfecto,
1162 3237 1364 3287 senatu
1400 3238 1702 3286 accusante
1740 3231 2038 3287 damnatus
2074 3234 2191 3295 (est)
2236 3233 2380 3297 [cum
2404 3229 2609 3286 fuisset
2643 3231 2790 3284 inter
2825 3229 2922 3285 de-

659 3320 901 3384 latoresJ.

794 3410 1058 3473 potentes
1084 3403 1238 3471 apud
1259 3400 1646 3456 Domitianum
1671 3401 1746 3467 hi,
1784 3400 2132 3467 Armillatus,
2169 3402 2575 3460 Demosthenes
2601 3406 2660 3457 et
2682 3401 2920 3456 Latinus

661 3488 1034 3553 archimimus,
1073 3488 1226 3543 sicut
1258 3487 1468 3541 Marius
1504 3487 1781 3543 Maximus
1817 3488 2030 3543 scribit.
2104 3487 2257 3543 Suet.
2293 3489 2454 3543 Dom.
2494 3489 2555 3538 13
2594 3486 2920 3555 Capitolino

661 3574 966 3629 certamine
1026 3580 1264 3628 cunctos
1324 3573 1543 3641 ingenti
1600 3588 1882 3629 consensu
1928 3575 2215 3642 precantis
2261 3581 2325 3631 ut
2370 3572 2679 3628 Palfurium
2728 3572 2925 3628 Suram

657 3660 1004 3723 restitueret,
1058 3657 1282 3727 pulsum
1336 3658 1471 3713 olim
1526 3666 1728 3714 senatu
1783 3675 1850 3713 ac
1897 3663 2034 3713 tunc
2083 3658 2153 3714 de
2207 3659 2527 3715 oratoribus
2577 3666 2920 3714 coronatum.

659 3743 878 3799 Teuffel
914 3744 1081 3799 RLG.
1120 3748 1151 3808 ς
1177 3745 1292 3810 326,
1318 3747 1364 3796 5.
1415 3744 1520 3800 SG.
1559 3745 1618 3798 11
1644 3746 1761 3812 302,
1790 3746 1844 3811 7;
1883 3745 2000 3811 481,
2027 3746 2074 3795 3.

796 3829 1123 3884 Armillatus
1159 3831 1237 3885 ist
1269 3845 1375 3885 nur
1411 3846 1514 3885 aus
1552 3830 1736 3886 dieser
1772 3829 1946 3885 Stelle
1982 3828 2248 3886 bekannt.

702 3944 709 3951 ·
798 3918 879 3968 57.
952 3916 1061 3969 iam
1096 3916 1312 3986 letifero
1348 3918 1557 3969 cedmae
1590 3914 1805 3985 pruinis
1841 3918 2116 3970 Autumno
2151 3916 2203 3970 d.
2229 3915 2281 3969 h.
2307 3922 2453 3971 etwa
2475 3932 2545 3970 zu
2567 3914 2728 3970 Ende
2753 3914 2928 3970 Okto-

659 4002 760 4057 ber
809 4003 948 4059 oder
994 4000 1224 4071 Anfang
1267 4001 1597 4057 November.
1671 4000 1781 4055 Die
1833 4003 2166 4071 ungesunde
2210 4002 2335 4057 Zeit
2384 4002 2623 4071 beginnt
2672 4001 2776 4056 mit
2827 4000 2927 4054 der

663 4087 958 4155 Obstreife,
995 4089 1158 4143 Mitte
1194 4086 1446 4156 August3
1494 4087 1593 4141 der
1637 4088 2060 4155 ungesundeste
2095 4089 2291 4142 Monat
2334 4089 2412 4143 ist
2447 4088 2545 4143 der
2582 4085 2924 4155 September,

659 4173 952 4242 Kiessling
1005 4190 1076 4229 zu
1128 4174 1319 4229 Horat
1369 4173 1513 4242 Epp.
1564 4173 1592 4227 1
1631 4175 1687 4239 7,
1724 4173 1822 4227 5ff.
1870 4175 1989 4228 und
2034 4174 2087 4230 S.
2114 4173 2174 4228 11
2200 4176 2256 4239 6,
2295 4173 2700 4242 lssbplumbeus
2737 4176 2925 4227 auster

663 4257 1097 4328 Autumnusque
1143 4260 1360 4327 gravis,
1416 4259 1702 4314 Libitinae
1757 4267 2025 4328 quaestus
2078 4260 2329 4315 acerbae.
2397 4258 2482 4313 Id.
2529 4257 2588 4312 C.
2635 4257 2696 4311 II
2733 4259 2823 4323 14,
2864 4259 2923 4308 15

663 4343 869 4399 flustra
902 4360 1004 4414 per
1040 4353 1339 4402 autumnos
1373 4352 1673 4400 nocentem
1709 4344 2052 4414 Corporibus
2087 4352 2399 4401 metuemus
2437 4350 2700 4400 austrum.
