3334 5075
1087 358 1257 414 Liber
1292 357 1592 414 secundus.
1666 356 1874 413 Satura
1907 357 2006 411 VI.
2562 361 2687 425 297

588 530 860 597 intravit
902 528 1183 596 calidum
1230 529 1437 596 veteri
1484 536 1755 596 centone
1800 531 2077 613 lupanar

592 651 657 709 et
701 642 936 709 cellam
980 661 1254 708 vacuam
1301 648 1496 725 atque
1540 661 1745 723 suam,
1790 648 1946 708 tunc
1990 640 2167 707 nuda
2208 641 2475 727 papillis

591 754 873 839 prostitit
914 753 1164 819 auratis
1207 753 1467 818 titulum
1510 754 1785 819 mentita
1827 752 2143 837 Lyciscae

590 864 1001 948 ostenditque
1044 871 1243 948 tuum,
1290 882 1606 950 generose
1645 863 2040 947 Britannice,
2088 873 2407 945 ventrem;

429 986 544 1042 125
593 978 856 1063 excepit
898 976 1146 1043 blanda
1188 978 1495 1043 intrantis
1539 983 1741 1059 atque
1784 995 1944 1042 aera
1985 978 2297 1062 poposcit.

590 1091 691 1175 [ac
734 1090 1048 1174 resupina
1091 1090 1318 1154 iacens
1361 1088 1709 1155 multorum
1754 1087 2093 1156 absorbuit
2134 1089 2325 1170 ictus]

629 1263 741 1313 124.
805 1265 933 1331 post
972 1268 1069 1315 125
1097 1261 1286 1331 posuit
1320 1260 1632 1313 Achaintre.

630 1348 743 1400 126.
823 1349 935 1401 Om.
977 1347 1084 1401 Pm.
1157 1342 1345 1401 ‘Hunc
1378 1364 1589 1400 versum
1624 1351 1784 1401 antea
1819 1365 2092 1418 nunquam
2127 1347 2440 1418 inwrossum
2465 1367 2530 1403 οι
2552 1348 2691 1403 anti-

420 1452 523 1505 quo
565 1433 704 1489 libro
745 1433 832 1487 laio
865 1433 1110 1503 primum
1151 1429 1400 1503 reposui-³
1447 1433 1782 1487 Palmamms
1824 1433 1953 1503 (qui
1995 1451 2114 1487 cum
2151 1438 2278 1503 post
2329 1441 2427 1489 129
2461 1440 2690 1504 posuit).

423 1520 535 1582 Qui
554 1520 910 1586 tradiderunt,
925 1518 1075 1574 vario
1093 1519 1353 1573 collocant
1375 1523 1426 1574 ot
1449 1517 1690 1572 cormunt
1715 1522 2116 1589 (continueque
2141 1519 2336 1577 iacens
2360 1527 2692 1578 cunctorum

421 1606 756 1672 [multorum]
791 1605 1089 1662 absorbuit
1124 1606 1289 1670 ictus)
1329 1605 1417 1659 Eo
1451 1606 1564 1659 loeo
1599 1622 1704 1675 quo
1738 1623 1878 1658 nunc
1914 1605 2111 1674 leqitur
2136 1606 2326 1675 posuit
2363 1607 2688 1661 Herminius.

420 1692 718 1748 Damnavit
751 1692 919 1746 Jahn.

628 1832 783 1897 [126]
860 1829 1021 1884 Ovid.
1047 1828 1176 1885 Met„
1205 1828 1288 1885 IV
1316 1829 1408 1880 121
1450 1834 1515 1884 ut
1540 1829 1721 1885 iacuit
1743 1829 2047 1898 resupinus
2072 1830 2256 1897 humo,
2294 1847 2460 1887 cruor
2486 1831 2693 1887 emicat

420 1917 533 1973 alte
570 1916 686 1971 XII
713 1917 812 1969 324
846 1913 1119 1981 fraxinus,
1156 1921 1223 1971 ut
1257 1930 1395 1970 casu
1432 1914 1613 1969 iacuit
1645 1915 1966 1983 resupinus,
2004 1916 2212 1972 adacta
2247 1924 2348 1973 est.

561 2053 675 2104 121.
745 2051 1018 2108 Priscian.
1044 2051 1160 2107 vn
1189 2053 1268 2118 12,
1295 2053 1360 2104 62
1396 2051 1559 2109 GLK.
1586 2052 1647 2107 11
1672 2053 1790 2119 339,
1821 2054 1899 2105 ιτ.

561 2189 674 2241 121.
747 2190 979 2244 calidum
1011 2219 1083 2230 —
1118 2195 1332 2244 centone
1368 2191 1615 2260 lupanar.
1687 2190 1801 2245 Die
1835 2190 2135 2260 Eingiinge
2172 2191 2272 2247 der
2305 2192 2566 2249 Bordelle
2602 2209 2691 2249 so·

420 2276 528 2331 wie
582 2275 681 2330 der
736 2274 1035 2331 einzelnen
1071 2276 1262 2332 Zellen
1306 2275 1601 2332 dei-selben
1653 2290 1846 2331 waren
1897 2276 2000 2332 mit
2051 2283 2324 2334 centones
2368 2279 2506 2335 oder
2559 2279 2693 2334 vela

418 2364 782 2434 geschlossen
817 2363 936 2418 und
971 2361 1224 2417 dsdurch
1260 2362 1347 2418 ihr
1382 2362 1616 2418 Innercs
1652 2377 1768 2417 von
1803 2363 1904 2419 der
1947 2362 2130 2418 steten
2164 2363 2300 2420 Luft
2346 2364 2690 2435 sbgesperrt.

417 2452 628 2507 Petron
664 2451 710 2501 7.
749 2453 814 2503 ut
859 2449 921 2502 in
964 2448 1154 2503 locum
1197 2448 1559 2504 secretiorem
1606 2449 1892 2515 venimus,
1942 2453 2240 2506 centonem
2287 2465 2429 2505 snus
2475 2451 2693 2507 urbana

419 2539 636 2595 reiecit.
672 2535 832 2592 Mart.
858 2535 945 2591 XI
970 2538 1053 2603 45,
1080 2537 1110 2588 3
1136 2534 1453 2592 Contentus
1480 2551 1596 2591 non
1620 2550 1683 2591 es
1707 2533 1940 2603 foribus,
1975 2537 2220 2607 veloque
2243 2551 2482 2607 sorsque
2507 2540 2534 2592 I
2561 2540 2644 2606 35,
2661 2541 2692 2591 5

417 2622 499 2679 At
531 2624 798 2679 meretrix
832 2622 1022 2691 abigit
1053 2626 1255 2678 testem
1290 2621 1534 2691 veloque
1570 2635 1824 2691 seraque.

556 2726 780 2762 vacuam
813 2713 973 2778 atquo
1006 2726 1171 2762 eumn.
1232 2709 1345 2763 Die
1381 2708 1469 2762 ihr
1504 2707 1911 2763 vorbehsltene
1945 2709 2065 2764 und
2089 2707 2321 2764 deshslb
2350 2710 2500 2766 leere
2525 2711 2690 2766 Zelle.

560 2796 659 2847 122
676 2810 747 2849 ss.
818 2794 1044 2849 Petu-on.
1073 2796 1118 2847 7.
1146 2794 1317 2850 video
1353 2794 1627 2864 quosdam
1650 2794 1802 2848 inter
1827 2793 2028 2849 titulos
2051 2795 2349 2865 nudasque
2372 2795 2695 2851 meretrices

419 2879 615 2936 furtim
638 2881 1079 2948 conspatisntes.
1128 2879 1330 2946 Tarde,
1368 2880 1538 2935 immo
1574 2880 1689 2934 ism
1722 2894 1866 2946 sero,
1902 2879 2178 2947 intellexi,
2213 2895 2304 2936 me
2337 2881 2397 2936 in
2420 2879 2694 2938 fornicem

420 2980 545 3022 esse
582 2965 902 3021 deductum.

556 3051 744 3107 Ueber
776 3052 1003 3104 nuda—
1010 3051 1262 3121 prostitit
1298 3067 1369 3106 zu
1405 3053 1453 3118 3,
1482 3052 1596 3104 135.
1638 3052 1737 3105 136
1762 3067 1816 3105 u.
1847 3053 1926 3117 10,
1953 3052 2070 3104 239.

560 3138 673 3190 122.
736 3137 969 3207 papillis
1020 3139 1133 3190 123.
1171 3167 1239 3176 -
1274 3136 1498 3192 auratis.
1582 3137 1729 3193 Eine
1779 3142 1941 3192 sonst
1986 3136 2227 3206 nirgend
2263 3138 2548 3194 erwiihnte
2582 3138 2694 3195 Art

418 3225 522 3280 des
556 3222 882 3280 Schmucks.

562 3311 675 3361 123.
748 3309 966 3363 titulum
1000 3308 1221 3364 mentita
1256 3308 1526 3380 Lyciscae.
1587 3309 1701 3364 Dio
1723 3307 2184 3366 Uoberschriften
2220 3309 2320 3364 der
2345 3310 2537 3365 Zellen
2572 3317 2692 3367 ent·

419 3395 634 3451 hiclten
687 3394 783 3449 die
835 3395 1050 3451 Numen
1103 3395 1204 3450 der
1249 3393 1684 3451 Inhsberinnen.
1779 3394 1908 3464 Vgl.
1945 3408 2140 3450 ausser
2180 3395 2404 3451 Petron.
2441 3398 2468 3446 7
2511 3396 2692 3463 (oben)

420 3481 636 3537 Seneca.
670 3479 859 3536 Contr.
897 3480 926 3535 1
950 3483 999 3547 2,
1029 3483 1052 3532 1
1092 3480 1366 3549 accepisti
1403 3480 1607 3547 locum,
1651 3481 1898 3550 pretium
1934 3482 2308 3537 constitutum
2343 3488 2445 3547 est,
2490 3482 2694 3538 titulus

421 3567 729 3636 inscriptus
782 3570 885 3621 est.
957 3565 1040 3621 Ib.
1077 3568 1107 3616 5
1155 3566 1420 3621 meretrix
1471 3571 1683 3621 vocata
1725 3582 1787 3622 es
1831 3596 1900 3605 —
1952 3569 2346 3637 superpositus
2394 3573 2484 3625 est
2517 3569 2696 3625 cellae

420 3660 554 3709 tuse
588 3652 791 3708 titulus
827 3655 854 3703 7
893 3666 1100 3707 nomen
1134 3655 1294 3706 tuum
1327 3652 1603 3721 pependit
1638 3653 1700 3706 in
1734 3651 1944 3731 fronte‘

558 3739 676 3795 Der
708 3739 885 3793 Nsme
920 3738 1148 3808 Lynkea
1181 3737 1329 3792 such
1361 3738 1519 3794 Mart
1547 3738 1632 3795 IV
1660 3741 1738 3790 17.

562 3825 675 3876 124.
747 3828 898 3877 tuum
932 3851 1001 3862 -
1038 3821 1375 3890 Britannice,
1412 3828 1648 3877 ventrem
1684 3824 1795 3880 den
1831 3823 2090 3892 Schooss‚
2141 3826 2242 3881 der
2278 3825 2409 3880 dich
2443 3826 2694 3895 geboren

417 3911 533 3966 hat.
604 3908 828 3965 Anders
863 3910 1058 3966 Horat.
1092 3910 1274 3980 Epod.
1314 3912 1394 3977 17,
1429 3912 1496 3963 50
1543 3915 1791 3979 tuusque
1835 3916 2033 3967 venter
2084 3909 2508 3977 (Leibessrucht)
2553 3912 2692 3967 Psc-

417 3997 680 4052 tumcius.

563 4086 675 4136 125.
746 4082 954 4152 excepit
1003 4083 1198 4137 blanda
1241 4083 1515 4138 intrantis.
1604 4083 1825 4140 Seneca
1870 4083 2059 4140 Contr.
2098 4083 2127 4138 1
2166 4086 2213 4149 2,
2247 4085 2278 4135 2
2335 4089 2401 4138 ut
2446 4084 2693 4139 sciamus

421 4169 577 4225 illam
602 4169 755 4240 apud
779 4169 1039 4225 lenonem
1061 4168 1256 4237 fuisse,
1293 4169 1504 4226 blsnds
1529 4176 1628 4227 est.
1690 4170 1773 4226 Ib.
1804 4171 1865 4222 12
1891 4170 2073 4239 siquis
2098 4169 2401 4226 dubitabat
2421 4185 2496 4225 sn
2521 4185 2693 4226 mere·

420 4256 535 4311 trix
570 4261 736 4323 esset,
772 4255 974 4311 audiat
1008 4270 1177 4325 quam
1212 4255 1424 4311 blanda.
1457 4257 1548 4312 sit.

559 4347 718 4413 atquo
753 4358 882 4396 aera
895 4341 1159 4411 poposcit.
1221 4341 1350 4411 Vgl.
1379 4340 1598 4398 Seneca
1620 4341 1811 4399 Contr.
1839 4342 1868 4397 1
1894 4346 1941 4410 2,
1973 4347 1994 4396 1
2027 4347 2112 4408 (zu
2140 4343 2271 4409 123).
2320 4343 2403 4399 Ib.
2431 4344 2461 4395 3
2488 4342 2693 4411 stipem
