3334 5075
651 343 778 407 326
1466 340 1755 395 Iuvenalis
1788 345 2105 396 saturarum

822 512 1137 577 nutrieem
1182 518 1249 577 et
1291 510 1530 578 flavam
1575 513 1680 577 eui
1726 509 1840 577 det
1883 510 2193 578 mandata
2236 511 2541 596 puellam.

651 630 774 687 355
820 623 984 689 haee
1028 629 1244 689 tamen
1288 625 1544 706 argenti
1587 630 1889 708 superest
1932 622 2385 706 quodoumque
2430 623 2701 707 paterni,

823 734 1079 802 levibus
1122 735 1384 801 athletis
1431 741 1499 801 et
1539 754 1705 800 vasa
1748 736 2105 801 novissima
2149 733 2377 800 donat:

822 846 1044 912 multis
1088 865 1193 912 res
1237 852 1518 931 angusta
1561 844 1756 929 domi,
1803 845 1924 911 sed
1969 846 2153 912 nulla
2195 845 2508 930 pudorem

821 960 1229 1044 paupertatis
1272 956 1472 1022 habet
1514 976 1636 1023 nee
1679 976 1751 1023 se
1797 958 2062 1023 metitur
2107 957 2194 1022 ad
2237 957 2422 1023 illum

824 1089 1018 1152 quem
1063 1067 1248 1135 dedit
1273 1068 1438 1134 haee
1467 1070 1812 1153 posuitque
1846 1067 2123 1135 modum.
2187 1075 2405 1134 tamen
2436 1068 2597 1134 utile
2629 1067 2787 1151 quid
2816 1070 2919 1149 sit,

656 1189 777 1246 360
824 1181 1230 1266 prospiciunt
1271 1180 1623 1263 aliquando
1667 1182 1812 1264 viri,
1858 1179 2196 1265 frigusque
2241 1179 2612 1263 famemque

823 1291 1098 1358 formica
1139 1290 1404 1358 tandem
1449 1291 1716 1374 quidam
1760 1310 2090 1375 expavere
2136 1292 2477 1375 magistra:

823 1401 1103 1488 prodiga
1143 1421 1274 1468 non
1316 1403 1514 1469 sentit
1555 1410 1937 1488 pereuntem
1984 1402 2229 1468 femina
2273 1421 2554 1469 censum.

827 1534 906 1580 ae
947 1514 1134 1581 velut
1175 1513 1495 1580 exhausta
1537 1513 1871 1580 redivivus
1915 1513 2197 1598 pullulet
2239 1533 2393 1581 area

827 1643 1126 1692 nummus
1172 1631 1240 1690 et
1282 1645 1319 1691 e
1363 1626 1558 1709 pleno
1601 1625 1867 1691 tollatur
1911 1644 2168 1709 semper
2212 1644 2466 1710 acerve,

865 1833 964 1885 359
975 1846 1048 1886 ss.
1119 1831 1312 1886 Horat.
1341 1830 1395 1887 S.
1421 1831 1451 1886 I
1479 1834 1523 1897 1,
1552 1833 1615 1884 33
1627 1846 1700 1886 ss.
1736 1831 1989 1900 parvola,
2026 1847 2156 1886 nam
2192 1831 2451 1900 exemplo
2487 1837 2575 1888 est
2596 1832 2786 1903 magni
2811 1830 2924 1888 for-

657 1918 804 1973 mica
838 1917 1066 1982 laboris‚
1104 1915 1211 1972 Ore
1245 1916 1421 1972 trahit
1445 1916 1825 1986 quodeunque
1859 1922 2057 1985 potest
2090 1923 2262 1986 atque
2301 1917 2466 1973 addit
2489 1932 2709 1985 aeervo,
2748 1916 2925 1983 Quem

657 2005 841 2071 struit,
879 2003 1031 2059 haud
1068 2003 1271 2072 ignora
1306 2018 1374 2057 ae
1408 2019 1524 2057 non
1558 2002 1794 2058 incauta
1828 2001 2022 2059 futuri.

864 2090 980 2142 363.
1052 2088 1246 2143 Horat„
1274 2087 1328 2145 S.
1356 2087 1384 2142 I
1413 2091 1457 2155 1,
1483 2090 1545 2140 51
1585 2094 1778 2144 uuten.

799 2262 915 2312 361.
951 2282 954 2283 ’
989 2259 1141 2315 Serv.
1168 2259 1337 2328 Verg.
1363 2258 1432 2314 A.
1460 2259 1542 2313 VI
1568 2262 1686 2313 402.

798 2347 913 2397 362.
983 2344 1260 2415 Mythogr.
1286 2343 1472 2400 Vatie.
1500 2344 1592 2400 ΙΙΙ
1629 2362 1685 2415 p.
1712 2345 1895 2399 254M.

661 2516 744 2572 als
781 2515 912 2572 Sia.
985 2515 1268 2572 Dittrieus
1303 2517 1375 2573 de
1410 2516 1697 2574 eathedris
1730 2515 2064 2574 feminarum
2099 2516 2480 2574 Romanarum
2515 2534 2569 2588 p.
2602 2520 2662 2571 14
2687 2534 2759 2576 ss.
2820 2517 2927 2576 SG.

661 2603 690 2657 I
714 2604 831 2654 483.

800 2690 917 2739 354.
973 2691 1188 2760 flavam
1209 2718 1281 2728 —
1293 2690 1548 2758 puellam.
1611 2690 1922 2746 Vielleieht
1945 2690 2073 2746 eine
2100 2687 2353 2757 Sklavin,
2392 2690 2486 2747 die
2523 2691 2607 2746 als
2642 2691 2928 2748 Deutsehe

660 2772 854 2843 gelten
888 2773 1069 2830 sollte.
1141 2774 1328 2831 Ueber
1362 2775 1457 2831 die
1490 2776 1836 2832 Beliebtheit
1870 2776 1972 2832 des
2006 2776 2525 2832 rothlieh-blonden
2559 2777 2777 2834 Haares
2811 2776 2928 2832 und

661 2859 757 2915 die
793 2858 1116 2916 kunstliohe
1151 2860 1515 2932 Herstellung
1551 2862 1740 2918 dieser
1774 2862 1955 2918 Far-be
1990 2862 2098 2917 Prl.
2126 2864 2226 2914 786
2249 2860 2286 2916 f.

802 2947 919 2997 355.
988 2946 1212 3016 arqenli.
1284 2946 1669 3017 Silbergeriith
1705 2946 1811 3004 ΒΘ.
1839 2948 2055 3003 111164
2092 2947 2209 3002 und
2244 2964 2315 3002 zu
2356 2950 2399 3014 1,
2426 2949 2506 3000 76.

798 3033 914 3084 356.
985 3031 1184 3086 levatus
1206 3032 1421 3087 athletis
1444 3034 1592 3103 glatt
1612 3050 1727 3089 von
1752 3034 1853 3090 der
1875 3032 2230 3102 Eiureibuug
2254 3034 2357 3088 mit
2380 3032 2496 3090 Oel.
2535 3033 2715 3090 SG.11
2738 3036 2855 3103 492,
2877 3038 2925 3088 7.

799 3135 928 3171 vasa
961 3118 1263 3173 novissima.
1358 3120 1469 3175 Die
1521 3119 1758 3187 leuton,
1814 3120 1908 3175 die
1954 3119 2041 3174 ihr
2089 3118 2256 3189 iibrig
2303 3118 2555 3187 bleiben‚
2609 3121 2719 3176 wie
2759 3123 2837 3186 11,
2861 3122 2928 3172 42

661 3203 874 3260 talibus
926 3220 963 3258 a
1014 3204 1261 3259 dominis
1311 3210 1447 3272 post
1497 3211 1707 3261 euneta
1748 3206 2095 3262 novissimus
2141 3206 2263 3262 exit
2307 3204 2547 3262 Anulus.
2618 3205 2799 3262 Varro
2834 3206 2929 3262 bei

663 3288 803 3345 Gell.
830 3289 885 3343 X
910 3291 972 3341 21
1013 3287 1179 3355 Quod
1213 3295 1522 3346 extremum
1556 3290 1869 3358 dicebatur,
1907 3292 2024 3347 diei
2057 3291 2425 3347 novissimum
2449 3299 2715 3361 coeptum
2738 3291 2928 3361 vulgo,

663 3375 818 3443 quod
851 3390 978 3430 mea
1019 3377 1290 3431 memoria
1336 3382 1401 3432 ut
1434 3375 1662 3443 Aelius,
1717 3378 1802 3432 sie
1856 3392 2021 3433 senes
2065 3377 2193 3444 alii,
2249 3378 2403 3447 quod
2445 3378 2682 3433 nimium
2722 3393 2931 3433 novum

664 3460 895 3516 verbum
940 3468 1115 3528 esset,
1160 3460 1436 3518 vitabant.
1518 3464 1597 3519 Es
1640 3462 1818 3519 findet
1861 3464 1986 3520 sieh
2027 3464 2122 3519 bei
2170 3461 2384 3531 Catull,
2432 3463 2654 3532 Caesar,
2703 3462 2930 3528 Sallust,

662 3546 871 3614 Nepos,
907 3545 1112 3615 Virgil,
1148 3544 1308 3602 Ovid.

804 3633 920 3682 357.
992 3648 1078 3684 res
1113 3636 1339 3702 anyuota
1373 3632 1520 3686 domi
1551 3635 1661 3691 wie
1699 3637 1746 3702 3,
1777 3637 1890 3687 165.

805 3718 919 3768 359.
977 3716 1226 3787 formica
1263 3747 1337 3759 —
1378 3718 1649 3789 maqn'etra.
1730 3720 1863 3776 Wol
1905 3721 2011 3777 mit
2050 3721 2412 3792 Erinnerung
2459 3738 2532 3778 an
2579 3722 2713 3777 Hor.
2752 3722 2867 3778 Sat.
2905 3721 2933 3776 I

670 3807 715 3872 1,
741 3805 805 3854 33
845 3803 1035 3867 (oben).

804 3891 919 3942 360.
979 3889 1275 3961 Ῑήφιεφιε
1296 3896 1625 3964 famemque.
1699 3892 1781 3948 Zu
1820 3895 1898 3960 14,
1926 3895 2024 3945 273
2063 3894 2427 3964 brumamque
2463 3892 2792 3963 famemque.

804 3977 920 4028 363.
991 3975 1301 4034 Vielleieht
1334 3978 1439 4033 mit
1459 3978 1785 4049 Beziehung
1809 3979 1915 4035 auf
1930 3979 2025 4036 ein
2048 3979 2310 4034 Mai-eheu
2334 3995 2463 4035 vom
2487 3977 2932 4048 Heekepfennig.

667 4061 772 4119 ΒΘ.
800 4062 828 4117 1
855 4064 973 4116 527.

806 4151 922 4202 364.
995 4169 1022 4204 e
1047 4152 1212 4220 pleno
1249 4152 1470 4206 tollatur
1502 4168 1710 4221 semper
1743 4169 1944 4207 acervo.
2005 4152 2138 4207 Hor.
2166 4152 2280 4209 Sat.
2308 4153 2337 4207 1
2370 4155 2414 4220 1,
2441 4155 2502 4205 51
2543 4158 2604 4207 at
2638 4167 2814 4208 suave
2851 4157 2938 4207 est

670 4250 739 4291 ex
774 4251 978 4304 magno
1015 4236 1216 4293 tollere
1253 4252 1473 4293 aeervo.
1522 4238 1605 4293 Id.
1631 4238 1775 4307 Epp.
1803 4239 1863 4293 11
1888 4242 1936 4306 2,
1965 4240 2063 4290 190
2087 4238 2225 4293 Utar
2252 4245 2310 4295 et
2333 4253 2406 4294 ex
2438 4238 2627 4294 medio
2665 4245 2936 4308 quantum

667 4336 756 4377 res
790 4326 994 4390 poseet
1028 4337 1232 4379 aeervo
1267 4322 1502 4379 Tollam.
