3334 5075
596 351 724 411 474
1414 345 1704 402 Iuvenalis
1740 351 2053 402 saturarum

605 524 719 580 195
767 517 837 581 in
879 516 1104 583 vetula
1147 518 1380 601 scalpit
1423 519 1555 582 iam
1598 523 1808 583 mater
1852 518 2042 583 simia
2086 518 2307 583 bucca.

767 628 1050 711 plurima
1093 635 1245 694 sunt
1285 629 1594 694 iuvenum
1638 627 2032 712 discrimina,
2077 628 2405 713 pulchrior
2445 630 2558 695 ille

765 740 890 804 hoc
933 747 1132 821 atque
1175 739 1291 804 ille
1334 739 1485 822 alio,
1533 740 1806 805 multum
1851 738 1958 804 hic
2002 741 2323 807 robustior
2364 739 2510 805 illo:

765 870 899 915 una
942 869 1167 917 senum
1213 851 1436 916 facies.
1527 870 1673 916 cum
1717 869 1876 917 voce
1921 853 2267 918 trementia
2309 850 2601 918 membra

768 969 832 1028 et
876 963 1008 1027 iam
1051 962 1200 1027 leve
1247 969 1443 1046 caput
1484 961 1865 1044 madidique
1908 963 2191 1028 infantia
2234 964 2398 1046 nasi,

597 1079 718 1135 200
768 1072 1173 1157 frangendus
1215 1073 1451 1138 misero
1496 1074 1770 1158 gingiva
1812 1075 2003 1157 panis
2046 1075 2304 1152 inermi3

766 1203 972 1267 usque
1018 1184 1185 1251 adeo
1229 1185 1452 1268 gravis
1499 1186 1685 1249 uxori
1729 1186 2032 1268 natisque
2078 1185 2351 1268 sibique,

764 1304 838 1362 ut
881 1298 1199 1380 captatori
1244 1303 1503 1361 moveat
1544 1295 1814 1362 fastidia
1856 1296 2074 1362 Cosso.

765 1427 894 1472 non
940 1405 1172 1472 eadem
1215 1408 1353 1472 vini
1399 1413 1597 1488 atque
1642 1407 1773 1472 cibi
1817 1413 2116 1491 torpente
2160 1407 2380 1489 palato

765 1517 1026 1601 gaudia.
1119 1537 1272 1583 nam
1317 1519 1525 1583 coitus
1570 1519 1703 1584 iam
1748 1518 1949 1602 longa
1992 1518 2252 1599 oblivio,
2300 1518 2407 1584 vel
2453 1519 2510 1583 si

558 1635 717 1691 ·205
766 1629 1036 1710 coneris,
1083 1629 1257 1694 iacet
1303 1630 1581 1712 exiguus
1627 1648 1773 1693 cum
1819 1629 2062 1695 ramice
2105 1648 2344 1695 nervus

767 1746 835 1805 et
876 1740 1175 1822 quamvis
1219 1745 1355 1805 tota
1397 1740 1701 1823 palpetur
1742 1746 1951 1821 nocte,
1998 1739 2254 1805 iacebit.

765 1870 935 1915 anne
979 1849 1227 1933 aliquid
1271 1868 1536 1934 sperare
1580 1858 1793 1934 potest
1838 1850 2002 1916 haec
2043 1852 2333 1935 inguinis
2380 1852 2560 1934 aegri

802 2040 914 2089 195.
987 2038 1155 2094 simia
1187 2038 1387 2093 buccis
1425 2039 1660 2107 Explan.
1690 2037 1747 2091 in
1770 2039 1972 2092 Donat.

801 2124 916 2175 197.
990 2123 1086 2178 ille
1123 2141 1220 2175 om.
1262 2125 1317 2176 P
1344 2124 1499 2176 habet
1535 2124 1699 2193 Expl.
1728 2122 1785 2176 in
1810 2124 2009 2176 Donat.

798 2210 915 2261 205.
988 2208 1228 2273 coneris]
1266 2210 1527 2264 conversi
1565 2211 1620 2263 P
1648 2209 2015 2279 superscripto
2048 2209 2143 2264 vel
2176 2209 2427 2275 coneris;
2463 2207 2541 2262 sic
2573 2208 2714 2262 illud
2745 2226 2859 2262 cor-

589 2293 729 2347 rexit
755 2313 817 2364 p,
853 2293 932 2348 sic
967 2315 1009 2347 ω
1048 2293 1378 2348 Priscianus.

805 2467 901 2517 196
917 2482 957 2521 s.
1033 2463 1194 2519 ovid.
1221 2462 1344 2519 Am.
1373 2464 1432 2518 II
1463 2468 1541 2532 10,
1570 2468 1598 2516 7
1635 2471 1828 2520 unten.

796 2554 911 2604 201.
985 2550 1147 2606 Ovid.
1174 2552 1303 2607 Met.
1330 2551 1417 2606 IX
1442 2554 1541 2604 770
1579 2558 1861 2621 nataeque
1897 2552 2140 2622 sibique.

730 2707 842 2807 ¹925'
919 2704 1109 2773 [Serg.]
1135 2705 1373 2774 Explan.
1401 2705 1462 2759 in
1487 2705 1690 2760 Donat.
1718 2704 1747 2757 1
1784 2705 1947 2760 GLK.
1976 2705 2060 2761 IV
2085 2706 2203 2773 494,
2225 2707 2289 2759 28
2318 2705 2572 2776 (legimus
2597 2712 2656 2762 et
2677 2702 2860 2762 ‘simia

587 2791 842 2928 bucella&
915 2875 998 2930 Id.
1027 2875 1100 2931 ib.
1129 2875 1294 2931 GLK.
1323 2876 1408 2931 IV
1430 2878 1549 2943 492,
1579 2879 1641 2928 13
1680 2875 2009 2939 {Iuvenalis2
2048 2877 2335 2946 pulchrior
2372 2876 2507 2939 illo).

726 2963 826 3014 204
840 2979 880 3017 s.
951 2962 1225 3017 Priscian.
1253 2962 1307 3016 X
1332 2963 1380 3029 9,
1410 2964 1475 3013 54
1513 2961 1677 3017 GLK.
1705 2962 1765 3016 ΙΙ
1791 2964 1908 3029 344,
1937 2966 1984 3014 9.

726 3116 823 3167 196
838 3132 879 3171 s.
954 3115 1044 3170 ille
1077 3145 1148 3154 -
1183 3114 1274 3169 ille
1309 3144 1377 3153 —
1414 3114 1521 3168 illo.
1594 3115 1675 3169 Zu
1711 3131 1762 3170 v.
1804 3117 1886 3167 91.
1926 3116 2008 3167 92.
2089 3115 2275 3170 Lewis
2329 3115 2643 3184 vergleicht
2692 3114 2853 3170 Ovid.

586 3199 708 3256 Am.
735 3201 794 3255 II
825 3203 903 3267 10,
931 3203 960 3251 7
997 3200 1288 3269 pulchrior
1321 3199 1430 3254 hac
1466 3200 1567 3254 illa
1601 3205 1705 3265 est,
1740 3199 1883 3255 haec
1918 3206 2005 3256 est
2039 3214 2265 3269 quoque
2301 3200 2590 3269 pulchrior
2626 3200 2741 3255 illa.

726 3287 1010 3338 198-200,
1084 3285 1340 3340 Lucilius
1385 3285 1469 3339 IX
1506 3286 1566 3335 13
1602 3286 1716 3347 (283
1729 3286 1790 3349 L)
1827 3285 1982 3353 quod
2022 3282 2274 3340 deformi'
2322 3300 2497 3341 senex
2533 3285 2857 3342 arthriticus

585 3377 643 3426 et
676 3372 1033 3441 podagrosus
1066 3371 1184 3435 Est,
1224 3370 1379 3439 quod
1413 3365 1631 3424 mancu'
1665 3370 1966 3437 miserque,
2005 3369 2188 3436 exilis,
2227 3372 2436 3427 ramice
2471 3386 2693 3440 magno.

725 3458 841 3507 202.
913 3459 1118 3508 moveat
1140 3453 1397 3525 fastidia.
1468 3454 1627 3510 Mart.
1653 3454 1802 3508 XIII
1841 3456 1920 3521 17,
1962 3457 1983 3505 1
2025 3470 2097 3509 ne
2132 3454 2243 3511 tibi
2277 3455 2557 3523 pallentes
2593 3462 2858 3512 moveant

584 3539 820 3596 fastidia
855 3540 1061 3595 caules.
1144 3540 1433 3608 Captatur-i
1463 3569 1529 3578 —
1583 3542 1769 3595 Cosso:
1817 3540 2083 3595 wiihrend
2119 3540 2213 3595 die
2249 3540 2674 3596 Erbschleicher
2711 3541 2857 3596 doch

574 3627 751 3695 jeden
786 3624 932 3680 Ekel
977 3624 1370 3691 iiberwinden,
1426 3642 1520 3679 um
1573 3625 1733 3680 ihren
1782 3625 1986 3680 Zweck
2034 3640 2104 3679 zu
2150 3627 2439 3681 erreichen
2476 3626 2637 3682 SG.1
2663 3627 2781 3693 418,
2807 3628 2854 3678 2.

582 3710 768 3766 Ueber
803 3710 1012 3765 Cossus
1049 3726 1117 3765 zu
1155 3712 1200 3775 3,
1231 3712 1343 3762 184.

723 3798 838 3847 204.
911 3814 1050 3850 nam.
1124 3795 1309 3852 Ueber
1345 3797 1455 3851 den
1491 3796 1999 3866 brachylogischen
2025 3795 2325 3852 Gebrauch
2360 3812 2473 3851 von
2509 3811 2654 3862 nam,
2692 3811 2859 3850 wenn

585 3881 729 3937 nach
763 3880 1125 3951 Aufzahlung
1162 3884 1318 3937 einer
1354 3881 1537 3937 Reihe
1572 3898 1688 3938 von
1711 3881 2101 3937 Einzelheiten
2135 3880 2285 3936 noch
2319 3880 2448 3936 eine
2471 3880 2861 3949 nachtraglich

582 3967 954 4037 hinzugefligt
989 3969 1158 4023 wird:
1197 3968 1365 4022 Hand
1398 3967 1636 4023 Tursell.
1665 3967 1750 4023 IV
1777 3970 1840 4020 17
1878 3968 2131 4037 Draeger
2156 3968 2299 4022 Hist„
2328 3965 2487 4036 Synt.
2516 3967 2575 4021 II
2604 3970 2701 4019 154
2743 3967 2859 4028 (bo-

585 4054 820 4109 sonders
883 4054 977 4110 bei
1040 4052 1259 4118 Cicero)
1323 4054 1523 4108 Munro
1579 4053 1772 4109 Critic.
1819 4052 1886 4109 of
1930 4052 2133 4108 Catull.
2183 4055 2279 4104 175
2334 4051 2393 4106 C.
2424 4052 2595 4107 Trim.
2639 4068 2694 4119 p.
2739 4053 2856 4104 223.

585 4139 950 4196 CFWMiiller
993 4141 1138 4196 Krit.
1171 4139 1427 4194 Bemerk.
1465 4155 1534 4194 zu
1571 4139 1715 4193 Plin.
1752 4140 1817 4195 N.
1853 4139 1905 4193 h.
1948 4139 2194 4195 'Breslau
2235 4140 2382 4203 1887)
2421 4138 2474 4194 S.
2511 4142 2558 4190 7.
2637 4136 2860 4193 Plinius

583 4226 910 4281 verwendet
963 4227 1087 4281 dies
1139 4241 1269 4280 nam
1322 4226 1450 4280 sehr
1497 4224 1603 4280 frei
1649 4225 1767 4279 und
1814 4225 2168 4280 schlechthin
2213 4241 2337 4279 zum
2382 4224 2719 4294 Uebergang
2763 4221 2868 4277 auf

585 4311 754 4366 einen
790 4312 1002 4367 andern
1040 4311 1420 4381 Gegenstand.
