3334 5075
1158 362 1327 418 Liber
1361 364 1592 433 primus.
1664 363 1870 420 Satura
1906 363 1972 419 V.
2564 368 2691 432 265

596 544 660 603 et
704 536 807 601 eui
851 555 971 620 per
1013 534 1298 602 mediam
1342 535 1511 602 nolis
1557 554 1894 602 oeourrere
1938 542 2210 616 noetem,

472 655 549 712 55
597 648 883 714 clivosae
926 646 1187 713 veheris
1232 647 1387 713 dum
1428 666 1547 731 per
1590 655 2008 714 monumenta
2049 648 2351 715 Latinae:

596 758 717 824 flos
758 759 960 825 Asiae
1004 767 1159 826 ante
1200 759 1433 843 ipsum,
1481 760 1694 842 pretio
1738 761 1985 825 maiore
2028 766 2296 843 paratus

596 890 790 953 quam
836 870 959 936 fuit
1003 877 1070 936 et
1112 871 1288 936 Tulli
1334 889 1569 936 oeneus
1612 871 1933 955 pugnacis
1978 878 2045 937 et
2085 870 2253 937 Anei

597 987 679 1064 et,
725 1002 810 1048 ne
854 989 920 1048 te
963 989 1242 1064 teneam,
1290 983 1723 1048 Romanorum
1769 984 1984 1049 omnia
2027 1002 2253 1067 regum

596 1093 853 1160 frivola.
946 1093 1118 1175 quod
1163 1113 1309 1159 oum
1351 1095 1447 1160 ita
1491 1094 1593 1176 sit,
1639 1100 1711 1160 tu
1757 1093 2107 1160 Gaetulum
2154 1093 2608 1179 Ganymedem

470 1213 550 1269 60
596 1207 867 1290 respiee,
917 1224 1063 1271 eum
1107 1206 1310 1272 sities.
1402 1206 1613 1272 nescit
1655 1211 1751 1271 tot
1794 1205 2055 1272 milibus
2101 1213 2355 1290 emptus

596 1316 997 1401 pauperibus
1041 1318 1315 1383 miseere
1358 1337 1538 1401 puer,
1589 1316 1708 1383 sed
1754 1317 1981 1400 forma,
2030 1318 2149 1383 sed
2193 1325 2378 1383 aetas

597 1427 800 1513 digna
843 1428 1210 1513 supercilio.
1302 1428 1562 1511 quando
1609 1428 1696 1493 ad
1741 1435 1806 1493 te
1850 1431 2151 1512 pervenit
2191 1429 2359 1495 ille?

596 1539 857 1623 quando
900 1547 1172 1624 rogatus
1216 1539 1404 1605 adest
1447 1539 1705 1605 calidae
1749 1539 2146 1623 ‘gelidaeque
2191 1541 2540 1606 minister?

595 1653 838 1736 quippe
882 1650 1257 1735 indignatur
1301 1651 1509 1717 veteri
1551 1640 1787 1734 parere
1831 1651 2054 1718 elienti

472 1770 549 1826 65
599 1763 899 1846 quodque
934 1761 1195 1846 *aliquid
1238 1780 1468 1846 poseas
1513 1768 1579 1827 et
1624 1760 1800 1844 quod
1843 1780 1915 1828 se
1960 1769 2173 1829 stante
2216 1764 2576 1830 recumbas.

631 1954 712 2005 60.
786 1952 975 2006 sities:
1014 1951 1201 2007 nescit
1235 1952 1316 2003 61.
1356 1966 1512 2020 puer.
1550 1950 1653 2006 sed
1702 1950 1904 2004 Vahlen
1927 1968 1989 2020 p.
2018 1960 2098 2004 11.

630 2116 712 2165 55.
784 2114 1008 2169 Paulin.
1034 2114 1238 2170 Nolan.
1265 2116 1391 2171 Nat.
1419 2115 1510 2169 III
1547 2113 1667 2169 Fel.
1695 2116 1724 2165 7
1730 2116 1762 2167 2
1800 2129 2001 2184 aspera
2042 2120 2338 2170 montosae
2384 2121 2694 2184 carpuntur

425 2206 605 2257 atrata
638 2199 893 2254 Latinae.

629 2289 710 2338 56.
785 2283 1084 2340 claudian.
1111 2285 1178 2339 In
1202 2285 1438 2353 Eutrop.
1465 2286 1492 2339 I
1521 2286 1621 2338 250
1660 2284 1768 2341 flos
1803 2285 2019 2356 Syriae.

629 2375 710 2424 57.
784 2371 979 2425 Horat.
1007 2369 1065 2425 C.
1092 2370 1177 2426 IV
1202 2373 1250 2438 7,
1280 2374 1343 2424 15
1380 2372 1542 2427 dives
1576 2370 1786 2427 Tullus
1824 2377 1883 2426 et
1915 2370 2129 2427 Ancus.

569 2519 577 2528 ,
628 2459 711 2511 61.
784 2455 945 2512 Ovid.
971 2457 1101 2512 Met
1128 2456 1218 2511 III
1242 2459 1345 2509 455
1380 2472 1489 2513 nee
1523 2457 1704 2513 forma
1737 2471 1845 2511 nee
1881 2463 2053 2513 aetas.

559 2634 642 2682 54.
713 2630 1029 2698 Liutprand
1062 2630 1254 2698 Legat.
1282 2632 1312 2681 3
1358 2630 1550 2687 colore
1584 2629 1943 2700 Aethiopem,
1990 2632 2084 2685 eui
2128 2646 2231 2699 per
2265 2631 2507 2686 mediam
2542 2632 2693 2687 nolis

421 2731 717 2774 occurrere
750 2720 991 2771 noctem.

560 2892 641 2942 54.
714 2889 804 2942 cui
837 2905 944 2958 per
989 2886 1219 2941 mediam
1261 2886 1399 2941 nolis
1443 2904 1719 2941 occurrere
1753 2891 1968 2940 noctem.
2038 2887 2166 2944 Seu.
2203 2887 2512 2957 Apoooloe.
2555 2892 2634 2957 13,
2660 2893 2691 2942 3

423 2991 622 3031 eanem
667 2975 892 3044 nigrum
935 2972 1224 3040 villosum,
1271 2989 1408 3029 eane
1456 2989 1621 3042 quem
1666 2989 1782 3028 non
1833 2971 1978 3029 velis
2031 2974 2140 3029 tibi
2189 2975 2250 3028 in
2305 2975 2555 3031 tenebris
2600 2991 2694 3031 oe-

423 3075 662 3117 currere.

561 3150 642 3199 55.
715 3144 939 3199 clivosae
972 3173 1041 3184 —
1070 3161 1175 3213 per
1218 3149 1557 3198 monumenta
1592 3144 1842 3199 Latinae.
1926 3144 2023 3200 An
2066 3145 2166 3200 der
2208 3145 2307 3200 via
2349 3146 2555 3200 Latina
2595 3146 2693 3216 lag

420 3231 461 3288 J
462 3231 700 3288 uvenale
733 3230 1067 3287 Vaterstadt
1100 3228 1407 3299 Aquinum.

565 3319 644 3370 56.
717 3316 905 3372 Ueber
940 3317 1035 3371 die
1070 3316 1265 3372 Preiee
1302 3317 1540 3372 sehoner
1574 3315 1819 3372 Sclaven
1865 3321 1929 3379 (v.
1958 3319 2024 3369 60
2063 3323 2152 3372 tot
2185 3316 2416 3373 milibus
2453 3322 2689 3388 emptus)

425 3401 666 3458 Martial.
703 3402 793 3456 III
820 3404 902 3469 62,
934 3405 954 3454 1
999 3403 1114 3459 (100
1131 3405 1235 3455 000
1269 3403 1387 3457 und
1423 3403 1522 3454 200
1537 3406 1672 3467 000).
1744 3401 1885 3456 Plin.
1923 3403 1988 3457 N.
2026 3402 2077 3456 h.
2117 3402 2230 3457 VII
2269 3404 2349 3455 56.

560 3490 690 3557 Ipse
725 3488 826 3542 der
858 3488 1018 3555 Herr,
1054 3504 1125 3543 zu
1158 3505 1211 3543 v.
1241 3491 1322 3540 30.

561 3576 643 3626 57.
715 3573 909 3629 Horat.
947 3573 1006 3635 C.
1044 3573 1130 3629 IV
1155 3576 1294 3640 7,15
1332 3573 1495 3629 oben.
2641 3603 2648 3609 ·

562 3660 643 3713 58.
712 3677 780 3712 ne
816 3664 867 3712 to
902 3663 1119 3713 teneam.
1193 3658 1309 3714 Cio.
1348 3659 1504 3715 Verr.
1543 3660 1573 3714 1
1598 3662 1664 3712 34
1700 3660 1819 3714 und
1853 3675 1957 3729 pro
1989 3658 2246 3715 SRoseio
2282 3659 2405 3716 Am.
2446 3665 2493 3729 7,
2520 3664 2585 3716 20
2619 3680 2692 3719 ne

423 3746 643 3802 diutius
676 3749 902 3800 teneam
935 3743 1062 3800 Seu.
1100 3746 1243 3815 Epp.
1284 3747 1399 3813 124,
1427 3747 1493 3799 20
1530 3746 1633 3802 sed
1666 3761 1739 3801 ne
1775 3754 1832 3802 te
1869 3746 2087 3801 diutius
2124 3753 2358 3803 teneam.

562 3833 643 3884 59.
714 3830 957 3884 Frivola.
1018 3831 1100 3885 Zu
1135 3832 1328 3897 3,198.

560 3916 703 3986 quod
734 3934 853 3970 cum
887 3916 968 3970 ita
1001 3916 1086 3969 sit.
1159 3916 1306 3971 Einl.
1346 3916 1399 3972 S.
1428 3919 1510 3970 57.

570 4004 858 4056 Gaetulwm
899 4002 1269 4072 Ganymedem.
1331 4002 1414 4056 Zu
1453 4005 1498 4069 1,
1524 4003 1606 4054 61.

560 4090 642 4141 60.
714 4087 916 4157 respice
961 4088 1088 4141 dum
1132 4087 1294 4141 sities.
1368 4086 1539 4156 Apul.
1576 4086 1645 4141 M.
1685 4087 1740 4141 X
1770 4089 1827 4138 17
1876 4087 2191 4156 sitiensque
2235 4088 2572 4157 pocillatore
2606 4106 2693 4147 re-

421 4180 620 4241 specto
655 4173 809 4229 eiliie
844 4173 1063 4230 alterna
1097 4176 1410 4230 connivens
1445 4173 1641 4229 bibere
1677 4172 2005 4243 flagitarem.

558 4263 637 4312 tot
670 4260 886 4314 milibus
920 4265 1139 4331 emptus.
1201 4262 1284 4316 Zu
1321 4262 1401 4312 56.

560 4348 641 4398 64.
713 4348 885 4400 vetera·
916 4346 1112 4400 clienti.
1173 4347 1256 4401 Zu
1298 4348 1481 4413 1,132.
