3334 5075
617 357 745 418 442
1434 354 1728 409 Iuvenalis
1764 359 2078 409 saturarum

786 525 873 590 ad
917 544 1109 607 quem
1154 525 1453 608 pervenit
1495 524 1651 591 leoti
1694 543 1892 590 sonus
1938 532 2005 590 et
2048 523 2352 591 dominae
2396 543 2544 590 vox.

786 635 1099 701 instabile
1141 655 1222 702 ae
1266 635 1483 701 dirimi
1528 643 1827 720 coeptum
1872 643 1939 702 et
1980 637 2111 702 iam
2156 655 2367 720 paene
2410 637 2692 702 solutum

662 754 742 811 80
790 748 1162 832 coniugium
1204 748 1271 812 iu
1314 748 1536 814 multis
1580 747 1879 814 domibus
1924 748 2216 814 servavit
2258 747 2531 814 adulter.

787 865 1026 952 quote
1069 858 1470 943 eircumagae
1487 857 1521 922 P
1569 878 1741 942 quae
1786 861 1999 942 prima
2043 867 2157 926 aut
2197 860 2428 926 ultima
2470 878 2677 944 ponae
2695 859 2729 922 Ῥ

788 971 1040 1035 nullum
1084 988 1241 1053 ergo
1284 971 1583 1037 meritum
1630 977 1748 1051 est,
1797 970 2053 1054 ingrate
2098 990 2177 1036 ae
2220 969 2486 1054 perfide,
2534 971 2800 1051 nullum,

785 1081 960 1163 quod
1002 1080 1122 1147 tibi
1165 1080 1406 1147 filiolus
1451 1080 1559 1147 vel
1601 1082 1739 1147 filia
1782 1083 2071 1147 nascitur
2115 1102 2199 1148 ex
2241 1081 2397 1148 me?

784 1192 964 1257 tollis
1010 1193 1182 1257 enim
1229 1199 1293 1258 et
1335 1192 1520 1258 libris
1564 1200 1855 1258 aetorum
1900 1211 2208 1276 spargere
2252 1192 2502 1276 gaudee

660 1309 738 1366 85
788 1310 1178 1387 argumenta
1219 1304 1365 1370 viri.
1455 1303 1707 1370 foribus
1752 1305 2081 1388 suspende
2125 1324 2426 1371 coronas:

788 1414 921 1478 iam
967 1421 1156 1497 pater
1199 1433 1288 1495 es,
1339 1413 1638 1481 dedimus
1684 1416 1857 1500 quod
1900 1415 2117 1483 famae
2163 1434 2489 1500 opponere
2532 1415 2764 1500 possis.

788 1526 934 1591 iura
979 1526 1269 1609 parentis
1312 1526 1539 1608 heheu,
1587 1534 1851 1612 propter
1894 1547 1998 1593 me
2043 1528 2346 1593 scriberis
2392 1527 2599 1609 heren,

786 1636 1074 1720 legatum
1117 1655 1307 1703 omne
1351 1639 1532 1721 capis
1577 1658 1700 1704 neo
1742 1659 1872 1705 non
1917 1646 1983 1705 et
2025 1639 2214 1705 dulce
2258 1638 2592 1706 eadueum.

822 1784 889 1833 79
899 1798 941 1838 s.
1015 1782 1218 1837 delebat
1256 1784 1499 1855 Pinzqer.

820 1870 901 1920 84.
973 1870 1162 1924 titulis
1221 1877 1476 1926 aetorum
1537 1869 1757 1924 Servius
1827 1877 2122 1927 suetorum
2180 1869 2239 1922 in
2291 1868 2531 1940 mov-qino
2580 1870 2635 1924 P
2696 1886 2883 1923 manus

608 1970 852 2021 pamma.

755 2075 820 2125 84
836 2090 878 2128 s.
953 2073 1107 2130 Serv.
1133 2074 1302 2144 Verg.
1330 2074 1395 2130 G.
1423 2075 1482 2129 II
1509 2077 1609 2129 502
1648 2076 1826 2138 (tollis
1860 2105 1930 2115 —
1964 2077 2109 2140 viri).

752 2195 832 2244 78.
907 2192 1032 2245 lecti
1061 2210 1234 2246 sonus.
1320 2194 1522 2251 catull.
1568 2197 1615 2260 6,
1655 2198 1685 2246 7
1734 2196 2071 2265 tremulique
2119 2211 2329 2265 quaese
2374 2194 2510 2250 lecti
2558 2192 2881 2262 Argutatio.

620 2276 807 2334 Ueber
825 2277 919 2333 die
930 2277 1378 2348 Wiederholung
1396 2280 1695 2337 desselben
1707 2281 1934 2337 Wortes
1954 2281 2215 2347 (lectulus
2240 2310 2299 2320 —
2324 2280 2477 2344 leeti)
2503 2279 2649 2334 Einl.
2667 2277 2720 2334 S.
2736 2279 2818 2344 56,
2833 2280 2879 2329 8.

751 2363 1007 2416 dominae.
1082 2364 1163 2418 Zu
1199 2367 1248 2430 6,
1274 2367 1356 2417 30.

754 2449 834 2500 81.
907 2466 1043 2517 quae
1069 2448 1258 2517 prima
1302 2455 1399 2504 aut
1440 2450 1630 2505 ultn'vna
1657 2452 1870 2520 ponas?
1938 2449 2188 2507 ‘Welehe
2214 2449 2444 2506 Grflude
2479 2449 2654 2504 willet
2684 2449 2763 2503 du
2799 2447 2883 2501 als

615 2532 969 2590 wirkeamste
995 2549 1068 2589 un
1093 2534 1204 2590 den
1228 2534 1460 2606 Ausang
1483 2538 1621 2593 oder
1656 2555 1730 2594 an
1756 2539 1866 2594 den
1891 2538 2120 2595 Schluse
2144 2532 2399 2593 eetzen?'
2458 2534 2614 2590 θεων.
2640 2533 2718 2588 im
2741 2531 2881 2588 Sinu

614 2619 773 2675 einer
806 2619 954 2673 naeh
976 2619 1364 2677 rhetorieehen
1390 2622 1782 2680 Voreehrifteu
1805 2622 2139 2692 gemachteu
2161 2621 2573 2688 Einweuduug.
2632 2616 2881 2673 Vahlons

611 2703 932 2773 Erkliirung
965 2721 1020 2775 p.
1060 2707 1125 2758 28
1163 2707 1318 2762 adm:
1359 2706 1485 2772 Quo
1521 2709 1573 2773 (i.
1612 2723 1659 2763 e.
1701 2709 1856 2778 quid)
1893 2714 1953 2765 te
1988 2710 2340 2776 circumagae
2375 2710 2476 2760 aut
2509 2718 2656 2774 quae
2698 2703 2882 2771 prima

613 2788 815 2845 ultima
848 2791 1067 2859 ponae?
1107 2793 1184 2848 ist
1216 2791 1307 2847 fur
1343 2794 1446 2849 dae
1483 2794 1684 2849 zweite
1721 2794 2011 2863 Satzglied
2045 2794 2215 2848 kaum
2250 2790 2511 2860 moglieh.

750 2878 831 2928 84.
905 2877 1052 2930 tollis
1086 2879 1196 2933 wie
1232 2881 1280 2945 6,
1307 2882 1388 2931 38.

749 2961 907 3015 libris
943 2967 1195 3016 actorum.
1259 2964 1329 3017 In
1365 2965 1475 3019 den
1512 2972 1642 3021 aeta
1679 2964 1882 3020 diurna
1917 2965 2153 3020 wurden
2186 2960 2774 3029 Familieuereigniese
2818 2960 2878 3012 iu

613 3046 957 3102 voruehmen
970 3048 1244 3115 Hiiusern,
1268 3050 1621 3106 namentlioh
1639 3049 1930 3106 Geburteu
1949 3050 2265 3119 angezeigt,
2285 3047 2506 3102 Teuffel
2520 3045 2688 3101 RLG.
2700 3046 2816 3111 216,
2830 3046 2876 3095 2.

746 3151 1013 3203 aparyere,
1051 3135 1129 3189 im
1152 3134 1456 3190 Publikum
1493 3135 1829 3191 verbreiten.
1888 3135 2020 3189 Tae.
2049 3134 2201 3189 Dial.
2220 3135 2252 3185 9
2288 3148 2403 3188 von
2438 3133 2567 3187 dem
2601 3147 2671 3187 zu
2693 3131 2880 3187 seiner

610 3216 934 3287 Vorleeung
969 3219 1345 3277 eiuladeuden
1382 3220 1639 3276 Dichter:
1678 3220 1906 3277 libellos
1943 3221 2235 3289 dispergit

746 3305 828 3356 85.
885 3305 1042 3372 foris
1075 3306 1332 3374 smpende
1368 3323 1602 3359 corona-⁹.
1677 3307 1758 3361 Zu
1794 3309 1841 3373 6,
1869 3307 1950 3358 31.

749 3391 830 3441 87.
903 3389 1027 3442 iura
1069 3391 1327 3458 parentis.
1422 3391 1554 3445 Tac.
1590 3391 1660 3447 A.
1712 3391 1801 3446 III
1840 3394 1906 3445 28
1967 3390 2273 3459 privilegia
2329 3393 2639 3459 parentum.
2734 3385 2878 3441 Plin.

609 3473 884 3543 Panegyr.
912 3476 979 3525 26
1014 3473 1329 3543 locupletes
1365 3477 1439 3532 ad
1473 3477 1759 3532 tollendos
1794 3477 2005 3533 liberos
2042 3477 2301 3544 ingentia
2334 3474 2589 3544 praemia
2622 3478 2682 3529 et
2714 3487 2880 3541 pares

608 3573 829 3627 poenae
864 3558 1246 3615 adhortantur.

750 3646 971 3695 87-90.
1052 3643 1239 3701 Ueber
1284 3645 1379 3701 die
1422 3647 1835 3717 Bevorzugung
1883 3647 1982 3703 der
2025 3645 2495 3703 Verbeiratheteu
2542 3645 2659 3700 und
2705 3643 2879 3700 Viiter

610 3743 716 3782 vor
753 3726 864 3781 den
897 3727 1041 3783 Ehe·
1077 3731 1194 3785 und
1218 3730 1598 3789 Kinderloeen
1635 3734 1712 3789 im
1736 3732 2011 3789 Erbreeht
2045 3732 2221 3787 duroh
2255 3732 2350 3787 lex
2375 3730 2528 3786 Iulia
2559 3730 2679 3785 und
2700 3729 2882 3798 Papia

610 3811 879 3881 Poppaea
913 3830 984 3869 zu
1024 3819 1068 3882 1,
1093 3820 1174 3868 55.
1223 3818 1340 3873 Der
1362 3819 1603 3875 Eheloee
1639 3819 1854 3874 konnte
1889 3809 2078 3874 weder
2100 3815 2470 3874 Erbeehaften
2492 3815 2642 3871 noch
2665 3817 2879 3884 Legate

611 3902 882 3964 uutreten,
919 3916 1116 3957 ausser
1149 3918 1314 3959 wenn
1351 3905 1449 3960 der
1473 3904 1738 3961 Testator
1772 3920 1915 3974 ganz
1950 3905 2095 3959 nahe
2130 3904 2235 3959 mit
2271 3902 2383 3958 ihm
2419 3902 2714 3957 verwuudt
2745 3916 2877 3965 war,

614 3985 861 4040 eoudern
897 3988 1098 4044 erhielt
1132 4005 1235 4059 gar
1265 3991 1468 4057 nieme,
1507 3991 1607 4046 der
1630 3990 2044 4046 verheirathete
2066 3988 2407 4045 Kinderlose
2431 4004 2537 4043 nur
2570 3988 2665 4042 die
2690 3985 2879 4041 Halfae

610 4071 711 4127 dee
747 4072 860 4126 ihm
894 4072 1286 4132 Vermachteu.

749 4160 830 4212 88.
904 4162 1173 4215 caducum.
1245 4161 1383 4217 Was
1429 4162 1614 4216 einem
1649 4160 1931 4218 Ehelosen
1976 4158 2265 4216 vermaeht
2311 4174 2454 4223 war,
2500 4157 2595 4214 fiel
2639 4174 2708 4213 eo
2752 4158 2879 4226 ipso

614 4258 687 4297 un
723 4244 817 4299 die
855 4246 914 4300 in
951 4247 1278 4303 demeelbeu
1299 4246 1629 4303 Testament
1663 4246 1981 4302 bedaehten
2006 4245 2196 4301 Viiter.
2258 4245 2438 4300 Gaius
2472 4244 2658 4299 Iuetit.
2686 4245 2746 4298 II
2781 4245 2881 4295 206

610 4334 743 4398 post
778 4329 959 4399 legem
995 4347 1131 4388 vero
1155 4333 1392 4402 Papiam
1428 4331 1751 4389 deficientis
1779 4334 1846 4399 (d.
1863 4333 1913 4386 h.
1941 4332 2144 4389 deenen
2171 4332 2270 4387 der
2296 4330 2356 4384 in
2381 4328 2627 4399 Wegfall
2651 4327 2880 4393 kommt)
