3334 5075
1091 383 1261 438 Liber
1296 384 1516 438 tertius.
1591 383 1795 439 Satura
1830 383 1960 438 VII.
2549 389 2682 450 395

413 563 537 620 210
585 573 732 622 esse
777 555 939 621 loco.
1029 561 1328 621 metuens
1373 556 1602 640 virgae
1646 557 1777 620 iam
1823 555 2092 638 grandis
2137 554 2425 621 Achilles

584 666 894 733 cantabat
935 667 1167 750 patriis
1211 668 1280 731 in
1324 667 1650 733 montibus
1696 673 1762 732 et
1806 667 1909 732 cui
1952 687 2079 731 non
2124 672 2278 732 tunc

584 778 848 843 eliceret
889 778 1088 843 risum
1133 777 1493 844 citharoedi
1539 777 1751 843 cauda
1794 779 2107 862 magistri,

582 888 700 955 sed
744 889 983 955 Rufum
1028 896 1224 972 atque
1269 890 1433 956 alios
1479 889 1696 956 caedit
1739 908 1860 971 sua
1902 909 2225 973 quemque
2271 891 2590 971 iuventus,

581 999 839 1081 Rufum,
890 1021 1083 1083 quem
1127 1002 1365 1075 totiens
1408 1001 1785 1068 Ciceronem
1829 1001 2184 1086 Allobroga
2228 1002 2411 1069 dixit.

412 1120 532 1176 215
669 1112 815 1195 quis
857 1114 1107 1197 gremio
1151 1111 1379 1178 Celadi
1426 1113 1727 1196 doctique
1770 1113 2185 1179 Palaemonis
2229 1111 2446 1179 adfert

581 1231 894 1307 quantum
938 1226 1397 1307 grammaticus
1440 1226 1676 1290 meruit
1716 1225 1950 1292 labor?
2001 1232 2066 1290 et
2110 1233 2329 1291 tamen
2374 1244 2455 1289 ex
2500 1224 2621 1290 hoc

583 1334 1034 1419 quodcumque
1080 1343 1195 1417 est,
1244 1338 1458 1402 miuus
1504 1343 1605 1402 est
1647 1344 1866 1402 autem
1911 1357 2107 1420 quam
2152 1337 2432 1403 rhetoris
2477 1356 2647 1417 aera,

581 1447 889 1530 discipuli
934 1454 1148 1514 custos
1191 1447 1610 1531 praemordet
1655 1456 2150 1530 acoenonoetus,

579 1566 592 1571 -
618 1607 733 1656 214.
807 1617 972 1672 quem
1010 1603 1065 1655 P
1097 1602 1194 1671 qui
1222 1620 1325 1671 pm.

614 1691 730 1741 217.
802 1694 994 1744 autem
1036 1688 1156 1741 add.
1186 1705 1276 1758 pm
1324 1706 1421 1740 om.
1461 1689 1513 1741 P
1550 1685 1920 1741 ‘Probabilius
1968 1687 2159 1757 opinor
2202 1704 2430 1754 munus,
2495 1688 2680 1743 minus

409 1780 500 1830 est
534 1791 702 1844 quam
737 1770 1009 1830 rhetoris'.
1047 1774 1329 1828 Bito-helen

615 1863 731 1912 218.
805 1862 1245 1924 acoenonoetus]
1295 1863 1681 1914 acoenonetus
1729 1859 2101 1930 (ἀκοινώνητος)
2151 1859 2430 1913 Glossaria
2466 1865 2679 1924 (anton)

419 1949 749 2016 Granqaeus.

547 2085 663 2135 214.
736 2081 892 2138 CGL.
921 2082 974 2137 V
1009 2099 1062 2151 p.
1092 2086 1209 2150 590,
1237 2086 1300 2135 24
1338 2081 1653 2150 Allobroga
1691 2081 1894 2138 Gallus
1930 2080 2131 2137 Rufus.
2203 2081 2349 2137 Einl.
2391 2081 2444 2138 S.
2478 2086 2591 2135 111.

547 2170 663 2221 218.
736 2167 891 2224 CGL.
921 2168 1005 2223 IV
1041 2185 1093 2236 p.
1121 2170 1238 2233 303,
1270 2170 1331 2219 19
1370 2172 1433 2233 (7,
1466 2172 1515 2234 ¹3
1556 2170 1672 2233 203,
1700 2171 1746 2231 4)
1799 2169 2172 2224 acoenonitus
2211 2169 2310 2238 qui
2346 2168 2492 2224 nulli
2529 2185 2680 2223 com-

409 2256 675 2310 municat„

543 2391 661 2442 210.
731 2395 966 2444 metuens
1005 2391 1198 2460 viv-yae.
1261 2391 1340 2446 Zu
1379 2394 1425 2455 5,
1456 2394 1568 2443 154.
1630 2389 1791 2446 ovid.
1818 2390 1888 2446 A.
1915 2408 1962 2447 a.
1992 2393 2017 2446 1
2051 2395 2112 2443 14
2144 2391 2430 2455 (Achilles)
2469 2392 2681 2447 dicitur

407 2491 682 2532 annosum
713 2477 1074 2546 pertimuisse
1110 2492 1302 2532 senem
1329 2505 1388 2514 —
1423 2479 1483 2529 15
1520 2485 1793 2545 poscente
1830 2479 2101 2547 magistro
2127 2477 2475 2534 Verberibus
2498 2479 2682 2534 iussas

406 2562 672 2631 praebuit
706 2561 804 2617 ille
840 2579 1052 2619 manus.

544 2649 661 2700 211.
700 2651 814 2700 212.
887 2649 1002 2705 Der
1038 2648 1124 2705 oft
1162 2655 1220 2714 (z.
1255 2651 1314 2703 B.
1367 2648 1463 2704 Ov.
1501 2648 1570 2704 A.
1614 2665 1662 2702 a.
1705 2649 1731 2701 I
1770 2652 1911 2705 llss.
1961 2650 2093 2705 Hor.
2131 2650 2311 2718 Epod.
2356 2652 2435 2716 13,
2466 2652 2543 2712 11)
2595 2666 2679 2706 er-

404 2732 628 2788 wahute
661 2733 988 2790 Unterricht
1020 2734 1241 2790 Achills
1285 2735 1461 2790 durch
1498 2734 1710 2789 Chiron
1756 2735 1837 2788 im
1872 2733 2213 2803 Citherspiel
2249 2751 2365 2790 war
2401 2735 2548 2791 auch
2585 2737 2679 2790 ein

404 2818 681 2875 beliebter
739 2819 1105 2888 Gegenstaud
1164 2819 1463 2875 bildlicher
1522 2818 1977 2888 Darstelluugen.
2068 2819 2314 2876 OMuller
2375 2821 2520 2876 Hdb.
2579 2822 2679 2876 der

406 2904 672 2961 Archiiol.
708 2908 740 2969 ς
763 2908 881 2973 413,
910 2908 956 2957 2.

542 2992 660 3043 213.
698 2993 815 3044 214.
889 2993 1003 3047 Βοι·
1050 3008 1164 3047 von
1210 2994 1410 3048 seinen
1446 2991 1731 3046 Zuhlirern
1778 2989 2176 3046 misshandelte
2215 2991 2432 3046 Rhetor
2476 2991 2678 3058 Rufus,

405 3076 500 3130 ein
533 3074 897 3146 Allobroga,
954 3077 1328 3134 vermuthlich
1381 3093 1485 3132 aus
1529 3077 1629 3132 der
1677 3075 1914 3145 pulchra
1958 3075 2185 3131 Vienna
2231 3076 2403 3140 (Mart.
2442 3075 2555 3130 VII
2594 3080 2676 3140 88)

402 3162 685 3231 gebflrtlg,
721 3178 838 3217 war
863 3179 978 3218 von
1001 3165 1200 3219 seinen
1225 3162 1606 3218 Bewundrern
1631 3163 1731 3217 der
1756 3161 2170 3231 allobrogische
2195 3161 2395 3218 Cicero
2421 3168 2679 3232 genannt

404 3247 649 3303 worden.
711 3247 895 3304 Schol.
935 3249 1034 3320 qui
1060 3248 1257 3305 Gallus
1290 3248 1403 3304 fuit
1438 3255 1499 3304 et
1531 3249 1700 3304 valde
1737 3248 1998 3304 disertus.
2060 3246 2267 3303 Weder
2300 3249 2379 3303 ist
2400 3248 2679 3304 Allobrox

407 3333 502 3386 ein
527 3332 865 3401 Spitzname‚
902 3335 1012 3388 wie
1051 3336 1126 3389 im
1160 3349 1410 3390 neuereu
1431 3334 1805 3390 Franzosisch
1829 3332 2141 3403 Allobroge
2166 3356 2231 3379 =
2257 3340 2441 3389 rustre
2479 3332 2677 3398 (Littre

405 3433 482 3471 nn
505 3418 726 3474 homme
746 3421 1009 3489 grossior,
1048 3421 1146 3489 qui
1171 3436 1411 3489 manque
1437 3421 1508 3476 de
1533 3425 1678 3484 sens)
1720 3424 1800 3475 (so
1823 3418 2081 3486 JBBeck,
2107 3418 2324 3474 Archiv
2348 3419 2463 3474 VII
2489 3421 2588 3470 273
2602 3418 2675 3486 f.)‚

403 3503 551 3558 noch
600 3503 752 3558 kann
800 3503 1111 3575 Allobroga
1159 3505 1244 3561 als
1291 3507 1512 3562 Nomin.
1552 3506 1708 3574 Sing.
1759 3506 1917 3560 seine
1953 3505 2215 3560 Heimath
2262 3505 2546 3562 bedeuten
2598 3511 2676 3562 {so

403 3588 455 3645 J.
481 3589 534 3645 J.
561 3588 622 3645 C.
660 3591 1024 3662 Mnemosyne
1061 3591 1230 3646 XVII
1270 3593 1436 3657 (1889)
1474 3608 1528 3660 p.
1558 3589 1707 3644 114f.
1746 3589 1931 3645 Schol.
1970 3593 2017 3654 8,
2045 3593 2178 3654 234).

543 3677 658 3728 215.
729 3678 930 3747 qremio
974 3678 1126 3733 steht
1158 3678 1282 3733 hier
1316 3678 1435 3733 und
1473 3680 1552 3742 14,
1581 3677 1681 3727 327
1730 3677 1795 3731 (si
1830 3692 1947 3731 non
1983 3678 2214 3745 implevi
2252 3679 2539 3747 gremium)
2585 3677 2676 3733 fiir

405 3759 515 3815 den
552 3761 726 3829 sinus,
772 3764 833 3817 in
870 3763 981 3818 den
1016 3779 1145 3818 man
1182 3762 1327 3819 Geld
1362 3762 1530 3831 legte.
1605 3761 1685 3816 Zu
1727 3764 1770 3828 1,
1798 3765 1878 3812 87.
1939 3759 2187 3819 ‘Ronsch
2221 3763 2454 3819 collect.
2492 3781 2546 3831 p.
2578 3765 2675 3814 159

407 3847 694 3915 (gremium
746 3849 840 3904 bei
895 3848 1083 3918 Optat.
1135 3849 1320 3905 Milev.
1362 3848 1594 3903 Schism.
1635 3848 1918 3903 Donatist.
1970 3852 2017 3914 4,
2056 3851 2088 3900 6
2143 3848 2231 3902 fiir
2281 3844 2677 3916 marsupium?

407 3934 626 3987 Milller.

549 4020 777 4075 Celadus
813 4021 889 4076 ist
924 4020 1270 4076 unbekannt.
1343 4020 1527 4076 Ueber
1567 4021 1853 4073 Palaemon
1889 4036 1957 4073 zu
1995 4023 2041 4085 6,
2068 4022 2184 4071 452.

541 4108 657 4159 218.
731 4111 1122 4160 acoenonoetus.
1195 4107 1315 4161 Das
1357 4105 1717 4161 iiberlieferte
1755 4111 2176 4160 acoenonoetus
2214 4127 2276 4150 =
2314 4104 2676 4173 ‹incommoda-co:

403 4191 479 4254 (P
506 4207 558 4245 u.
613 4190 797 4248 Schol.
844 4193 1125 4248 communi
1175 4207 1373 4247 careus
1418 4196 1604 4256 sensu)
1649 4192 1754 4247 mit
1801 4196 2184 4246 acoenouetus
2224 4214 2285 4235 =
2331 4188 2675 4260 ἀκοινώνητος

405 4279 483 4339 (so
533 4277 619 4332 las
665 4277 765 4332 der
799 4276 1094 4334 Verfasser
1142 4278 1241 4333 der
1277 4277 1478 4333 Glosse
1527 4278 1902 4333 acoenonitus
1948 4278 2045 4346 qui
2089 4275 2233 4331 nulli
2270 4276 2674 4342 communicat;

403 4361 515 4430 vgl.
531 4360 687 4418 CGL.
717 4362 800 4417 IV
818 4380 871 4432 p.
886 4365 1001 4430 303,
1027 4367 1111 4429 19;
1141 4367 1259 4430 7,1;
1286 4365 1448 4430 203,4
1467 4364 1613 4418 Einl.
1635 4363 1688 4419 S.
1706 4366 1819 4415 111.
1846 4359 2387 4432 ‘Nichtgerntheiler’
2407 4362 2672 4431 Georges*
