3334 5075
1066 142 1238 200 Liber
1272 149 1520 211 quartus.
1594 140 1802 198 Satura
1836 141 1968 196 XII.
2529 142 2649 205 521

558 337 681 385 nec
722 317 911 384 Latio
956 322 1070 381 aut
1111 333 1388 397 usquam
1431 313 1552 380 sub
1597 322 1817 380 nostro
1861 311 2080 380 sidere
2122 312 2276 380 talis

556 430 755 497 belua
796 428 1173 512 concipitur,
1220 426 1340 492 sed
1381 425 1573 492 furva
1615 432 1811 510 gente
1854 425 2061 510 petita

393 551 510 609 105
560 541 900 608 arboribus
945 539 1203 605 Rutulis
1249 545 1316 605 et
1358 539 1565 604 Turni
1610 538 1902 622 pascitur
1945 556 2121 622 agro,

559 653 862 721 Caesaris
906 658 1269 718 armentum
1314 650 1477 716 nulli
1521 650 1770 716 servire
1813 655 2116 734 paratum

559 766 832 851 privato,
879 761 1203 846 siquidem
1249 762 1453 847 Tyrio
1497 780 1733 846 parere
1777 760 2077 827 solebant

561 876 918 943 Hannibali
962 883 1027 942 et
1070 874 1307 940 nostris
1352 873 1625 939 ducibus
1669 873 1941 957 regique
1984 872 2263 939 Molosso

559 989 787 1055 horum
830 988 1111 1054 maiores
1156 1005 1236 1051 ac
1280 987 1470 1052 dorso
1514 984 1688 1051 ferre
1730 984 2028 1066 cohortis,

394 1110 513 1167 110
560 1107 810 1186 partem
855 1099 1145 1182 aliquam
1188 1097 1348 1165 belli
1394 1104 1462 1163 et
1503 1105 1763 1163 euntem
1807 1098 1877 1162 in
1921 1097 2172 1181 proelia
2214 1101 2471 1161 turrem.

560 1211 744 1278 nulla
788 1211 985 1296 igitur
1028 1229 1210 1277 mora
1251 1229 1373 1293 per
1414 1209 1714 1291 Novium,
1759 1226 1943 1275 mora
1983 1208 2167 1274 nulla
2207 1227 2327 1292 per
2369 1207 2662 1274 Histrum

562 1325 939 1405 Pacuvium,
988 1323 1147 1404 quin
1188 1321 1359 1387 illud
1404 1320 1564 1387 ebur
1609 1320 1885 1386 ducatur
1927 1319 2012 1385 ad
2057 1338 2209 1385 aras

603 1532 716 1582 110.
787 1528 923 1586 belli
960 1531 1034 1596 et]
1068 1526 1260 1597 belliq.
1299 1533 1358 1584 et
1389 1545 1428 1597 p
1466 1526 1639 1581 Weiss
1664 1544 1727 1596 p.
1755 1532 1835 1581 ⁷0.

603 1721 716 1771 110.
788 1718 958 1788 Verg.
985 1716 1055 1773 A.
1083 1716 1137 1771 X
1162 1719 1262 1770 427
1301 1716 1420 1772 und
1456 1718 1554 1768 737
1593 1723 1785 1772 unten.
1847 1713 2140 1772 Claudian.
2168 1715 2238 1770 In
2261 1713 2450 1768 Rufin.
2476 1713 2535 1768 11
2563 1715 2661 1765 343

390 1805 630 1862 reduces
663 1811 800 1874 post
833 1803 1054 1874 proelia
1090 1808 1319 1858 turmas.

533 1985 815 2055 elephanti.
884 1985 1071 2042 Ueber
1106 1985 1265 2042 diese
1299 1985 1465 2040 Form
1500 1982 1748 2040 LMiiller
1782 1983 1924 2038 Rm.
1963 1999 2016 2052 p.
2043 1984 2159 2034 390.

539 2074 634 2124 102
654 2088 725 2127 ss.
798 2071 914 2127 Der
937 2071 1128 2128 Besitz
1153 2071 1253 2127 der
1276 2070 1636 2140 Elephanton
1659 2085 1777 2124 war
1801 2066 2260 2124 ausschliesslich
2295 2064 2667 2122 kaiserliches

393 2156 687 2214 Vorrecht.
759 2155 866 2213 SG.
893 2156 953 2211 11
978 2158 1095 2224 398,
1121 2158 1272 2209 4-6.

536 2243 649 2296 103.
720 2242 815 2295 sub
849 2246 1033 2296 nostro
1055 2242 1242 2296 sidere.
1301 2242 1445 2297 Plin.
1471 2243 1605 2297 Pan.
1637 2243 1699 2294 12
1727 2257 1796 2296 00
1824 2241 1950 2309 ipso
1975 2245 2243 2308 tempore,
2267 2267 2336 2278 —
2361 2254 2489 2293 cum
2511 2235 2667 2294 ferae

393 2335 595 2399 gentes
629 2344 746 2383 non
780 2328 913 2384 telis
948 2328 1131 2397 magis
1167 2343 1334 2397 quam
1371 2344 1477 2384 suo
1513 2326 1692 2396 caelo,
1730 2342 1834 2383 suo
1882 2325 2068 2381 sidere
2105 2329 2404 2380 armantur.
2481 2325 2543 2376 15
2582 2324 2668 2379 di-

394 2429 613 2470 versam
650 2429 921 2483 aquarum
946 2412 1203 2484 caelique
1229 2415 1556 2483 temperiem
1581 2421 1647 2469 ut
1670 2412 1888 2481 patrios
1913 2409 2102 2467 fontes
2126 2411 2483 2480 patriumque
2509 2410 2669 2466 sidus

392 2499 538 2558 ferre
574 2499 849 2557 consueti.

536 2589 650 2640 104.
710 2589 893 2656 furva
923 2590 1090 2656 qento-
1160 2586 1290 2655 Vgl.
1319 2587 1400 2652 11,
1430 2587 1717 2638 124—125.

538 2674 653 2724 105.
724 2671 1005 2726 arboribus
1030 2672 1269 2726 Rutulis.
1330 2671 1586 2727 Rutulae
1622 2671 1852 2727 arbores
1888 2669 2020 2726 sind
2055 2669 2169 2724 wol
2204 2667 2394 2724 nichts
2429 2667 2669 2723 anderes

399 2758 482 2814 als
518 2756 795 2814 romische
831 2757 1042 2813 Biiume
1088 2760 1175 2819 (zu
1211 2758 1259 2824 6,
1296 2759 1428 2821 137).
1511 2755 1674 2811 Doch
1719 2756 1932 2811 konnte
1978 2770 2040 2811 es
2088 2754 2234 2809 auch
2274 2752 2669 2810 buchstiiblich

398 2860 469 2899 zu
521 2843 785 2899 verstehu
838 2843 978 2897 sein.
1064 2842 1152 2898 Ti.
1203 2842 1477 2899 Claudius
1536 2842 1836 2912 Spectator
1888 2846 2224 2911 procurator
2265 2840 2551 2894 Laurento
2598 2838 2671 2893 ad

396 2929 769 2998 helephantos
805 2927 978 2984 Orelli
1015 2929 1167 2982 2951.
1217 2927 1323 2985 SG.
1351 2929 1411 2983 11
1436 2930 1552 2997 398,
1578 2930 1627 2981 9.
1698 2926 2009 2983 Vielleicht
2040 2925 2274 2982 wurden
2308 2924 2370 2979 in
2393 2922 2671 2981 Juvenals

400 3016 527 3071 Zeit
580 3015 674 3071 die
719 3013 1098 3071 kaiserlichen
1145 3014 1500 3083 Elephanton
1545 3015 1605 3070 in
1650 3015 1751 3070 der
1791 3029 1907 3068 von
1942 3013 2287 3067 Laurentum
2333 3009 2494 3065 nicht
2535 3010 2672 3064 weit

399 3099 718 3159 eutfernten
744 3098 911 3156 Stadt
946 3100 1044 3156 der
1070 3100 1329 3169 Rutnler‚
1365 3099 1577 3169 Ardea,
1611 3100 1898 3171 gehalteu‚
1936 3097 2075 3153 oder
2096 3095 2345 3153 Juvenal
2379 3094 2541 3165 giebt
2575 3095 2673 3151 die

399 3187 637 3255 Gegend
671 3202 778 3240 nur
812 3184 1086 3255 ungefahr
1122 3202 1210 3241 an.

542 3274 655 3324 106.
698 3273 811 3324 1οῗ.
882 3272 1026 3326 nulli
1052 3302 1123 3312 —
1161 3272 1401 3340 Privato,
1438 3271 1663 3328 keinem
1686 3270 2016 3337 Unterthan,
2051 3286 2123 3325 zu
2162 3271 2207 3337 1,
2231 3271 2309 3322 16.
2378 3266 2672 3333 Aurelian,

400 3358 504 3414 der
537 3372 652 3412 von
696 3357 823 3413 dem
869 3357 1249 3427 Perserkonig
1295 3359 1465 3414 einen
1507 3357 1860 3426 Elephanton
1908 3372 2033 3411 zum
2078 3354 2374 3413 Geschenk
2420 3353 2674 3410 erhalten

398 3443 573 3510 hatte,
614 3442 770 3498 solus
805 3444 1054 3499 omnium
1087 3445 1348 3513 privatus
1386 3474 1453 3484 —
1488 3442 1776 3512 elephanti
1814 3442 2077 3498 dominus
2111 3440 2238 3498 fuit.
2318 3440 2458 3496 Vita
2491 3438 2672 3495 Aure-

400 3528 543 3585 liani
580 3531 627 3582 5.

545 3617 658 3668 108.
728 3614 947 3687 reqique
982 3616 1235 3685 Molosso,
1273 3615 1401 3672 dem
1435 3615 1697 3686 Pyrrhus,
1743 3614 1920 3670 durch
1955 3614 2067 3669 den
2102 3613 2198 3669 die
2233 3612 2443 3668 Rumor
2486 3615 2674 3667 zuerst

403 3701 498 3757 die
534 3701 892 3770 Elephanton
927 3700 1152 3757 kennen
1186 3703 1423 3757 lernten.
1483 3700 1589 3757 SG.
1610 3702 1669 3756 11
1695 3702 1792 3753 537
1800 3742 1810 3753 .

543 3789 658 3840 110.
721 3791 941 3857 partem
962 3818 1032 3826 —
1055 3787 1190 3842 belli.
1255 3786 1424 3856 Verg.
1448 3784 1517 3841 A.
1545 3786 1600 3840 X
1625 3788 1847 3839 426-7.
1884 3787 2105 3841 Lausus
2128 3785 2265 3839 Pars
2290 3784 2493 3852 ingens
2516 3780 2670 3837 belli.

404 3872 487 3929 Ib.
514 3874 612 3924 737
648 3888 782 3942 pars
816 3872 953 3928 belli
987 3872 1129 3928 haut
1162 3871 1478 3939 temnenda,
1513 3872 1642 3937 viri,
1682 3873 1835 3927 iacet
1870 3871 2020 3926 altus
2056 3869 2286 3925 Orodes.

542 3958 671 4013 belli
701 3964 767 4012 et.
838 3957 1024 4014 Ueber
1060 3958 1258 4014 diesen
1293 3958 1499 4013 Hiatus
1535 3957 1645 4026 vgl.
1683 3957 1829 4012 Einl.
1857 3956 1911 4013 S.
1938 3958 2020 4010 61.
2238 3990 2246 3998 -

546 4046 832 4097 111—112.
896 4045 1153 4098 Histrum
1178 4044 1489 4099 Pacuvium.
1537 4043 1847 4100 Vielleicht
1869 4041 2154 4099 identisch
2175 4041 2282 4096 mit
2304 4039 2498 4098 Hister
2521 4043 2569 4109 2,
2590 4043 2673 4093 58.

548 4132 658 4182 112.
734 4131 865 4185 ebur
897 4129 988 4186 fiir
1022 4130 1317 4201 Elephant.
