3334 5075
1138 342 1307 397 Liber
1340 342 1571 412 primus.
1645 340 1850 397 Satura
1884 340 1952 396 V.
2557 343 2680 406 269

584 516 847 581 instruit
891 534 1046 600 ergo
1092 514 1305 582 focum
1349 515 1708 598 provincia,
1756 515 2031 579 sumitur
2074 513 2256 578 illinc

585 627 757 711 quod
801 634 1094 713 captator
1138 633 1312 693 emat
1355 627 1628 706 Laenas,
1676 626 1943 690 Aurelia
1985 624 2244 690 vendat.

584 740 840 805 Virroni
883 758 1201 805 muraena
1244 737 1450 820 datur,
1502 757 1673 820 quae
1717 738 2004 802 maxima
2045 739 2226 803 venit

420 858 539 915 100
587 853 845 935 gurgite
891 850 974 916 de
1020 850 1267 930 Sicu103
1314 870 1465 916 nam
1511 849 1665 915 dum
1710 867 1783 915 se
1828 850 2117 915 continet
2160 856 2398 930 auster,

588 962 742 1028 dum
787 961 974 1028 sedet
1019 970 1084 1028 et
1127 963 1331 1027 siccat
1374 961 1677 1028 madidas
1718 963 1791 1026 in
1834 980 2093 1027 carcere
2136 963 2390 1045 pinnas,

587 1081 1000 1141 contemnunt
1041 1072 1324 1140 mediam
1368 1075 1720 1139 temeraria
1762 1073 1900 1139 lina
1943 1072 2371 1158 Charybdim:

585 1205 702 1252 vos
748 1186 1043 1271 anguilla
1087 1192 1309 1251 manet
1352 1185 1593 1270 longae
1639 1192 1917 1269 cognata
1960 1185 2280 1268 colubrae,

589 1305 703 1364 aut
745 1297 961 1382 glacie
1006 1316 1313 1382 aspersus
1359 1298 1632 1362 maculis
1678 1298 2042 1378 Tiberinae,
2092 1304 2158 1363 et
2201 1299 2347 1382 ipse

626 1472 736 1521 104.
810 1470 1015 1539 glacie]
1056 1470 1249 1538 placet
1284 1469 1544 1523 Frvhner.

624 1627 739 1677 101.
811 1624 870 1680 O.
899 1626 971 1680 ad
995 1625 1184 1681 Pison.
1215 1627 1311 1678 137
1363 1631 1551 1681 cessat
1589 1625 1772 1680 hiems
1818 1624 2078 1680 madidos
2115 1629 2173 1679 et
2208 1626 2390 1680 siccat
2424 1641 2555 1682 vere
2592 1642 2683 1682 ca-

410 1710 608 1780 pillos.

553 1868 635 1918 97.
707 1864 892 1922 SchoL
918 1865 1127 1919 Lucan.
1166 1865 1196 1919 1
1224 1866 1321 1917 338
1361 1867 1612 1928 (instruit
1646 1894 1715 1904 —
1750 1865 2081 1935 provincia).

553 1954 633 2005 98.
706 1951 979 2005 Priscian.
1005 1949 1060 2004 V
1083 1953 1132 2016 4,
1159 1952 1224 2002 22
1263 1950 1426 2006 GLK.
1454 1953 1514 2006 II
1546 1955 1658 2018 155,
1689 1953 1751 2003 18
1791 1950 2098 2018 (Iuvenalis
2121 1952 2181 2005 in
2219 1951 2270 2004 I:
2311 1951 2465 2019 quod
2489 1957 2682 2020 capta-

413 2044 504 2093 tor
541 2042 692 2093 emat
723 2037 960 2103 Laenas,
997 2035 1236 2091 Aurelia
1269 2036 1514 2102 vendat).

556 2125 668 2176 104.
742 2122 898 2178 CGL.
927 2121 985 2175 ΙΙ
1013 2124 1095 2188 24,
1122 2123 1153 2174 8
1192 2135 1455 2190 aspersus
1490 2122 1625 2183 εἶδος
1663 2121 1842 2195 ἰχθύος
1876 2121 2230 2176 aurae-timon.
2296 2122 2443 2177 Einl.
2484 2121 2538 2177 S.
2570 2126 2681 2176 107.

554 2270 635 2321 98.
706 2267 1132 2334 Leckerbissen,
1168 2270 1278 2324 wie
1301 2270 1386 2325 sie
1411 2269 1511 2325 der
1532 2269 1962 2325 Erbschleicher
1984 2272 2203 2326 Laenas
2237 2285 2363 2324 zum
2387 2268 2685 2325 Geschenk

413 2353 504 2410 fiir
539 2352 780 2410 Aurelia
812 2352 991 2420 kausa
1028 2371 1123 2410 um
1158 2371 1272 2410 von
1309 2354 1395 2409 ihr
1431 2355 1507 2410 im
1541 2354 1872 2411 Testament
1903 2355 2151 2413 bedacht
2185 2371 2255 2409 zu
2290 2356 2532 2422 werden,
2568 2358 2686 2411 und

412 2441 513 2496 die
549 2440 708 2497 disse
745 2440 899 2495 dann
932 2438 1213 2506 verkauft,
1249 2440 1382 2495 weil
1418 2441 1503 2496 sie
1540 2441 1715 2497 deren
1749 2458 1819 2496 zu
1843 2441 1993 2496 viele
2019 2440 2212 2496 erhalt.
2270 2440 2510 2496 Aurelia
2543 2441 2684 2496 viel·

414 2525 592 2582 leicht
626 2526 721 2581 die
756 2543 872 2582 von
905 2526 1049 2582 Plin.
1086 2527 1230 2596 Epp.
1269 2526 1328 2581 II
1355 2528 1437 2593 20,
1467 2529 1529 2579 10
1567 2527 1852 2584 θτννέὶιιιιο
1896 2531 2095 2583 ornata
2142 2524 2378 2593 femina,
2424 2542 2541 2582 von
2586 2527 2687 2584 der

417 2613 541 2667 sich
574 2612 834 2682 Regulus
871 2613 990 2669 ihre
1024 2611 1291 2668 Tuniken
1326 2614 1661 2669 vermachen
1696 2614 1848 2670 liess.
1908 2614 2077 2668 Danu
2111 2615 2261 2669 wiire
2295 2613 2439 2668 auch
2463 2614 2683 2669 Laenas

415 2698 535 2763 (das
571 2713 886 2767 cognomen
938 2697 1034 2754 bei
1079 2698 1189 2753 den
1223 2697 1438 2767 Popilii
1486 2697 1710 2755 Octavii
1760 2699 2027 2770 Vipsanii
2076 2699 2193 2754 und
2236 2704 2420 2762 sonst‚
2465 2699 2685 2755 Laenas

415 2783 730 2838 Pontianus
768 2800 881 2839 cos.
912 2785 1007 2836 131
1034 2782 1350 2839 Wilmanns
1386 2784 1487 2839 Ex.
1517 2785 1689 2840 Inscr.
1720 2786 1870 2848 2601,
1897 2786 1943 2848 7)
1972 2786 2068 2840 ein
2089 2784 2259 2839 Mann
2283 2785 2383 2841 der
2405 2785 2684 2841 Domitia-

415 2869 653 2925 nischen
690 2869 828 2925 Zeit-
1088 2921 1094 2929 ,

555 2958 637 3007 99.
707 2972 977 3009 murama.
1048 2955 1158 3009 Prl.
1196 2957 1424 3022 434,10.

522 3043 636 3093 100.
704 3039 919 3111 qur-qiu
966 3040 1028 3095 de
1077 3039 1273 3095 Siculo.
1369 3040 1527 3095 Mart.
1566 3041 1715 3096 XIII
1762 3044 1844 3107 80,
1886 3043 1909 3093 1
1969 3057 2114 3110 quae
2160 3049 2323 3098 natat
2369 3044 2430 3099 in
2490 3042 2684 3098 Siculo

415 3127 650 3196 grandis
684 3141 952 3181 muraena
984 3125 1283 3196 profundo.
1341 3126 1585 3182 Macrob.
1613 3125 1728 3183 Sat.
1755 3127 1846 3182 III
1875 3129 1954 3194 15,
1983 3130 2011 3178 7
2037 3128 2465 3184 arcessebantur
2498 3135 2687 3184 autem

416 3227 718 3267 muraenae
772 3212 847 3267 ad
899 3212 1153 3281 piscinas
1205 3217 1434 3267 nostrae
1486 3212 1644 3269 urbis
1697 3213 1951 3283 abusque
2004 3211 2149 3269 freto
2194 3212 2404 3281 Siculo,
2433 3254 2444 3265 .
2474 3254 2525 3265 ..
2564 3213 2686 3269 illic

417 3299 569 3354 enim
605 3298 853 3368 optimae
889 3314 925 3352 a
957 3299 1217 3367 prodigis
1252 3312 1377 3353 esse
1414 3298 1734 3354 creduntur.
1807 3298 1967 3354 Varr.
1996 3298 2063 3352 R.
2091 3314 2131 3353 r.
2159 3299 2218 3352 II
2244 3301 2292 3366 6,
2319 3302 2350 3350 2
2386 3314 2686 3355 muraenae

419 3384 667 3454 optimae
702 3383 876 3439 flutas
912 3390 1046 3439 sunt
1080 3385 1139 3439 in
1177 3382 1391 3438 Sicilia.

560 3471 672 3521 101.
745 3468 802 3522 in
838 3487 1060 3523 carcere.
1131 3468 1299 3538 Verg.
1325 3467 1395 3525 A.
1433 3471 1462 3524 I
1498 3472 1557 3521 51
1615 3469 1710 3525 hic
1762 3475 1926 3526 vasto
1980 3485 2082 3527 rex
2132 3468 2350 3526 Aeolus
2404 3478 2567 3527 antro
2622 3499 2683 3510 —

417 3561 622 3610 ventos
656 3582 725 3593 —-
759 3553 967 3611 vinclis
1003 3560 1063 3610 et
1097 3570 1322 3611 carcere
1355 3554 1554 3611 frenat.
1601 3555 1742 3612 Stat
1770 3555 1824 3612 S.
1851 3557 1878 3610 I
1923 3559 1965 3623 1,
1991 3559 2057 3610 92
2093 3556 2296 3613 Aeolei
2345 3587 2414 3596 —
2460 3558 2689 3627 agmina

420 3640 681 3696 carceris.

558 3727 671 3778 102.
743 3731 1077 3780 contemnunt
1110 3726 1221 3781 wie
1257 3728 1305 3794 6,
1331 3730 1397 3779 90
1434 3729 1778 3797 contempsit
1810 3727 2064 3799 pelagus.
2125 3729 2253 3798 Vgl.
2281 3728 2423 3784 auch
2466 3731 2542 3795 10,
2572 3730 2684 3781 123.

558 3809 671 3864 lim
705 3811 892 3868 Netze.
968 3814 1048 3867 Zu
1084 3815 1132 3878 4,
1158 3815 1240 3865 45.

559 3899 673 3950 104.
756 3897 1053 3951 Tiberinus.
1124 3898 1416 3965 Bucheler,
1454 3900 1559 3954 Rh.
1595 3900 1663 3955 Μ.
1700 3899 1924 3955 XXXV
1957 3903 2058 3953 392
2083 3899 2146 3955 f.:
2193 3899 2522 3955 Tiberinum
2557 3914 2686 3967 pro·

415 3983 602 4050 prium
636 3984 881 4052 piscium
906 3984 1101 4053 generi
1124 4000 1331 4041 nomen
1354 3986 1635 4041 indidisse
1660 3986 1894 4051 Romae,
1932 3985 2030 4054 qui
2055 3985 2278 4040 macelli
2301 4000 2391 4040 res
2414 3985 2689 4039 curabant

418 4068 713 4125 confirmat
747 4068 997 4126 Galenus
1034 4071 1137 4135 (De
1174 4070 1321 4126 alim.
1360 4071 1463 4126 fac.
1491 4072 1581 4125 III
1610 4073 1676 4123 30
1714 4070 1799 4126 IV
1824 4073 1921 4122 722
1945 4070 2014 4133 K)
2052 4071 2152 4125 ubi
2187 4077 2377 4126 narrat
2409 4070 2687 4139 pessimos

416 4153 541 4210 fieri
577 4156 764 4224 pisces
800 4157 862 4210 in
899 4156 1065 4211 ostiis
1100 4171 1293 4211 eorum
1328 4156 1628 4213 fluviorum
1664 4157 1764 4226 qui
1815 4156 2041 4211 cloacas
2086 4162 2332 4224 purgent
2378 4155 2688 4224 sordesque

418 4240 644 4297 urbium
680 4257 873 4297 omnes
908 4242 1206 4311 recipiant,
1252 4259 1575 4298 muraenam
1623 4258 1850 4312 quoque
1894 4241 2197 4311 pessimam
2245 4257 2369 4297 esse
2416 4242 2475 4296 in
2521 4242 2688 4297 ostiis

417 4324 645 4383 Tiberis
698 4328 959 4396 quamvis
1016 4343 1132 4383 uon
1192 4329 1544 4399 ingrediatur
1612 4327 1847 4385 fluvium
1906 4328 2151 4398 ideoque
2202 4343 2383 4398 paene
2440 4329 2689 4383 omnium
