3334 5075
1127 356 1297 412 Liber
1333 361 1582 426 quartus.
1655 356 1862 413 Satura
1896 358 1998 413 XI.
2570 364 2693 427 491

596 529 850 593 interea
892 534 1123 611 gustus
1169 527 1493 594 elementa
1537 547 1654 612 per
1699 529 1917 594 omnia
1962 538 2284 611 quaerunt

477 646 550 704 15
598 659 949 722 numquam
995 639 1212 705 animo
1255 641 1489 725 pretiis
1536 640 1981 724 opstantibus;
2027 642 2303 708 interius
2346 643 2405 708 si

599 749 939 833 adtendas,
986 752 1198 835 magis
1243 751 1359 816 illa
1404 752 1634 818 iuvant
1680 770 1848 834 quae
1892 751 2099 836 pluris
2146 760 2456 818 ementur.

599 881 755 945 ergo
799 862 960 927 haut
1003 861 1274 928 difficile
1319 868 1422 928 est
1464 863 1820 946 perituram
1864 881 2195 930 arcessere
2241 882 2558 930 summam

595 973 896 1040 lancibus
940 973 1255 1057 oppositis
1298 972 1406 1040 vel
1450 974 1679 1039 matris
1733 974 2019 1057 imagine
2063 973 2289 1058 fracta,

600 1091 668 1150 et
708 1084 1206 1169 quadringentis
1251 1085 1531 1151 nummis
1577 1084 1842 1150 condire
1885 1087 2185 1169 gulosum

471 1200 552 1259 20
597 1194 829 1274 fictile3
877 1195 972 1261 010
1015 1195 1286 1262 veniunt
1330 1194 1417 1261 ad
1461 1196 1872 1261 miscillanea
1915 1196 2073 1262 ludi.

599 1305 802 1372 refert
845 1325 1002 1390 ergo
1049 1307 1196 1388 quis
1241 1306 1405 1371 haec
1451 1305 1682 1372 eadem
1726 1314 1944 1390 paret3
1991 1308 2061 1372 in
2105 1307 2323 1374 Rutilo
2367 1327 2520 1372 nam

600 1418 860 1482 luxuria
904 1424 1022 1499 est,
1070 1417 1140 1481 in
1183 1417 1489 1484 Ventidio
1534 1416 1868 1484 laudabile
1915 1438 2149 1484 nomen

433 1557 842 1564 ——.--————-

641 1631 719 1681 16.
793 1635 1049 1685 ementur
1092 1631 1427 1684 PBucloeler
1463 1636 1726 1686 emuntur
1752 1648 1844 1701 pm
1867 1632 2030 1686 Jahn.

570 1820 649 1869 14.
721 1816 906 1873 Schol.
934 1820 1150 1873 Lucani
1189 1818 1244 1872 X
1272 1820 1370 1871 156
1410 1821 1485 1880 (01
1519 1825 1724 1887 gustus
1757 1847 1828 1857 —
1864 1820 2121 1888 quaerit).

429 1988 466 2042 d
568 1903 650 1955 20.
723 1903 811 1957 Fr.
836 1903 974 1959 Bob.
1014 1904 1179 1960 GLK.
1207 1902 1322 1958 VII
1349 1905 1466 1970 542,
1498 1906 1560 1956 10
1595 1903 1956 1960 miscellania
1989 1903 2203 1974 patella
2237 1904 2309 1961 de
2338 1904 2507 1961 rebus
2531 1904 2708 1960 variis

469 1988 657 2043 icitur.

429 2191 548 2230 sam
597 2175 773 2230 durch
821 2175 915 2231 die
951 2176 1122 2232 Bisse
1172 2177 1272 2232 der
1315 2176 1698 2245 geborstenen
1733 2176 1955 2232 Wiinde
1992 2175 2515 2244 durchschimmert,
2566 2177 2618 2231 d.
2655 2176 2708 2230 h.

430 2261 796 2317 unmittelbar
827 2262 1172 2318 beversteht.
1246 2262 1328 2317 Zu
1365 2265 1411 2328 3,
1443 2264 1555 2315 190.

575 2349 652 2397 14.
697 2350 910 2415 ,qualus
949 2369 1013 2393 =
1053 2349 1291 2417 saporis.
1366 2346 1580 2403 Colum.
1620 2348 1712 2403 111
1749 2350 1796 2414 2,
1836 2351 1865 2399 5
1906 2348 2192 2412 (vinetum)
2243 2348 2304 2402 in
2350 2363 2463 2417 quo
2508 2351 2712 2415 gustus

428 2431 641 2487 nobilis
676 2432 1077 2502 pretiosusque
1113 2432 1255 2488 fluit.

566 2519 821 2572 olonnam
833 2533 941 2587 per
965 2517 1156 2572 munia.
1209 2518 1316 2576 SG.
1337 2519 1428 2574 111
1454 2520 1595 2585 322.
1635 2519 1845 2574 Lucan.
1873 2518 1928 2573 X
1956 2521 2054 2572 155
2081 2518 2237 2588 quod
2262 2523 2412 2574 terra
2436 2518 2591 2587 quod
2617 2533 2712 2575 aer

430 2603 598 2667 Quod
619 2604 858 2672 pelagus
880 2603 1158 2672 Nilusque
1195 2606 1370 2672 dedit,
1409 2605 1562 2675 quod
1597 2605 1768 2659 luxus
1805 2604 1963 2658 inani
1988 2602 2322 2660 Ambitione
2357 2602 2551 2660 furens
2588 2609 2711 2659 toto

430 2688 721 2757 quaesivit
755 2688 817 2741 in
853 2687 1004 2743 orbe.

574 2775 651 2823 15.
725 2771 953 2825 interius
985 2778 1272 2842 ‘genauen
1346 2774 1424 2831 So
1447 2774 1638 2831 Manil.
1666 2774 1753 2829 ed.
1773 2773 1960 2829 Jacob
1987 2773 2016 2827 I
2042 2775 2108 2825 25
2145 2789 2312 2842 quem
2348 2774 2591 2841 primum
2628 2773 2714 2828 in·

431 2858 611 2914 terius
646 2858 816 2913 licuit
850 2874 1197 2927 cognoscere
1232 2860 1438 2916 terris?
1489 2863 1550 2912 31
1591 2860 1699 2914 Per
1743 2863 1800 2914 te
1847 2859 1960 2917 iam
2008 2859 2228 2914 caelum
2274 2860 2541 2925 interius,
2599 2859 2713 2913 iam

432 2943 623 2999 sidera
656 2948 809 2998 11010.
884 2943 1060 3000 Solin.
1099 2962 1152 3015 p.
1180 2951 1263 3014 40,
1295 2948 1356 2998 10
1395 2946 1472 3001 ist
1507 2962 1576 3000 zu
1612 2944 1910 3000 schreiben
1944 2943 2255 3012 praeterire
2279 2960 2447 3012 quam
2472 2944 2714 2999 interius

434 3028 757 3094 (Mommsen
791 3028 1046 3094 inferius)
1093 3034 1301 3102 exequi
1345 3033 1530 3088 tutius
1567 3030 1848 3098 (satius?),
1899 3030 2159 3099 dagegcn
2204 3030 2364 3083 nicht
2408 3035 2515 3097 gut
2559 3027 2714 3083 Jahn

434 3113 764 3183 obsequens
812 3118 876 3166 57
928 3116 1168 3173 interius
1220 3117 1717 3175 considerantibus
1764 3117 1937 3181 (intus
1973 3134 2008 3169 a
2050 3116 2329 3170 intentius
2375 3108 2711 3173 Burmann).'

575 3287 654 3337 16.
724 3286 894 3356 maqis
946 3287 1045 3341 illa
1099 3288 1310 3355 iuvant,
1367 3306 1501 3357 quae
1545 3287 1732 3355 pluris
1785 3288 2041 3338 ornentur.
2132 3283 2259 3340 Seu.
2303 3284 2446 3352 Epp.
2491 3284 2606 3348 122,
2647 3284 2710 3334 14

434 3375 626 3429 omnia
659 3375 1091 3445 concupiscenti
1128 3379 1229 3429 aut
1264 3371 1667 3437 contemnenti,
1715 3376 1888 3439 prout
1929 3384 2136 3438 magno
2173 3375 2273 3424 aut
2307 3383 2485 3437 parvo
2523 3372 2714 3437 empta

435 3467 582 3516 sunt.
653 3460 737 3515 Id.
781 3460 946 3517 Oons.
989 3458 1151 3512 Helv.
1182 3459 1262 3522 10,
1297 3459 1327 3506 5
1375 3471 1410 3510 0
1455 3455 1836 3521 miserabiles,
1893 3470 2132 3523 quorum
2176 3454 2431 3523 palatum
2475 3453 2592 3508 nisi
2636 3453 2712 3508 ad

432 3545 714 3613 pretiosos
750 3546 912 3599 cibos
946 3558 1062 3597 non
1098 3542 1397 3598 excitatur.

570 3629 757 3685 Ueber
792 3629 888 3685 die
924 3628 1184 3697 enallage
1218 3633 1536 3695 temporum
1571 3642 1641 3681 zu
1684 3629 1728 3691 1,
1759 3628 1872 3679 157.

578 3717 655 3766 18.
728 3714 970 3768 laneam
1015 3712 1282 3784 oppositis
1322 3714 1427 3769 mit
1473 3710 1890 3781 Verpfandung
1937 3710 2244 3775 (silberner)
2292 3708 2557 3775 Schalen,
2597 3709 2710 3778 vgl.

434 3817 479 3855 z.
516 3801 577 3854 B.
616 3800 825 3855 Catuli.
853 3802 936 3865 26,
975 3816 1064 3855 wo
1100 3799 1206 3853 mit
1242 3798 1369 3853 dem
1400 3795 1761 3866 Doppelsinn
1793 3812 1910 3850 von
1946 3810 2236 3864 opponere
2269 3795 2520 3865 gespielt
2554 3793 2714 3847 wird.

436 3885 784 3943 Zerbrechcn
818 3902 935 3941 von
957 3884 1237 3941 Arbeiten
1273 3899 1378 3938 aus
1401 3881 1740 3937 Edelmetall
1775 3879 1976 3937 behufs
2002 3882 2102 3937 der
2130 3878 2545 3950 Verpfiindung
2568 3877 2713 3933 auch

434 3970 694 4028 Ambros.
733 3973 821 4027 De
855 3970 1043 4026 Tobia
1087 3973 1134 4037 3,
1165 3972 1227 4022 10
1282 3967 1389 4024 SG.
1417 3967 1507 4022 III
1548 3969 1643 4019 124
1698 3967 1842 4021 Ρ1111.
1881 3967 1946 4023 N.
1971 3966 2024 4020 h.
2059 3965 2281 4021 XXXV
2313 3968 2346 4017 4
2391 3967 2713 4033 (argenteae

433 4057 613 4114 facies
646 4086 719 4097 —
752 4062 818 4112 ut
851 4056 1079 4127 frangat
1111 4056 1308 4119 110100).

573 4146 654 4195 20.
711 4143 909 4216 fietile.
983 4144 1064 4198 Zu
1100 4145 1149 4209 4,
1181 4143 1293 4195 133.
1336 4143 1449 4194 134.

572 4228 896 4283 miscillania
932 4227 1062 4295 ludi,
1099 4228 1162 4282 in
1198 4228 1325 4283 dem
1358 4225 1543 4282 Schol.
1571 4224 1783 4280 erkl‘art
1818 4223 1903 4279 als
1937 4237 2119 4292 genus
2154 4219 2475 4277 miserabile
2510 4219 2714 4276 ferculi

438 4315 556 4370 und
591 4315 755 4371 cibus
789 4314 1185 4384 gladiatorum.
1233 4311 1338 4368 SG.
1366 4311 1427 4365 II
1454 4313 1570 4378 380,
1592 4313 1643 4363 4.
