3334 5075
1076 368 1246 423 Liber
1281 367 1499 422 tertius.
1574 366 1779 421 Satura
1814 366 1974 420 VIII.
2539 367 2667 429 429

398 550 520 607 235
570 544 712 608 ausi
760 540 935 623 quod
975 541 1176 605 liceat
1219 541 1441 604 tunica
1485 541 1717 622 punire
1761 537 2052 603 molesta.

570 654 690 720 sed
733 651 964 735 vigilat
1008 652 1231 715 eonsul
1278 651 1652 733 vexillaque
1699 658 1923 715 vestra
1967 655 2245 728 coercet3

570 765 675 830 hie
718 782 925 829 novus
968 761 1266 845 ArpinaS,
1316 762 1623 846 ignobilis
1667 770 1733 832 et
1774 760 1967 826 modo
2012 761 2255 826 Romae

568 874 984 959 municipalis
1028 891 1246 956 eques,
1294 873 1625 957 galeatum
1673 875 1859 958 ponit
1905 873 2145 955 ubique

567 986 966 1072 praesidium
1013 986 1304 1051 attonitis
1351 991 1417 1050 et
1458 987 1529 1049 in
1575 987 1749 1050 omni
1794 991 2010 1050 monte
2056 983 2330 1049 laborat.

398 1105 522 1162 240
568 1104 820 1164 tantum
864 1098 1064 1180 igitur
1108 1114 1324 1161 muros
1367 1097 1537 1162 intra
1580 1103 1737 1180 toga
1782 1096 2051 1162 eontulit
2093 1095 2191 1160 illi

606 1363 721 1413 239.
792 1367 983 1416 monte
1007 1360 1134 1432 fuit
1172 1359 1229 1412 in
1268 1362 1322 1414 P
1349 1365 1408 1412 ut
1447 1360 1502 1412 in
1542 1363 1596 1426 S,
1639 1379 1781 1414 nunc
1816 1365 1891 1413 est
1927 1366 2113 1429 gente.
2186 1358 2243 1412 in
2278 1359 2519 1430 maryine
2541 1360 2669 1432 fuit

395 1446 490 1501 vol
524 1455 710 1515 gente,
751 1448 810 1499 id
841 1464 982 1499 nunc
1017 1464 1226 1499 erasum
1261 1450 1353 1510 est,
1387 1447 1560 1515 qlossa
1596 1446 1871 1514 adscripta
1915 1461 2018 1514 pro
2054 1446 2319 1501 romanis.
2382 1450 2671 1514 praeterea

395 1539 574 1600 ponte
613 1534 666 1584 S.
736 1533 1008 1587 Exsomni
1045 1537 1232 1588 mente
1270 1531 1548 1588 (laborans
1563 1532 1600 1594 ‘³'ss
1635 1549 1745 1600 pro
1782 1533 1843 1586 in
1879 1532 2031 1585 omni
2068 1535 2259 1586 monte
2298 1531 2523 1586 Scholte.

538 1817 543 1822 .
606 1771 720 1822 237.
794 1770 910 1825 Cic.
935 1772 1068 1839 Leg.
1097 1787 1273 1839 agrar.
1303 1772 1350 1836 2,
1377 1773 1424 1822 3.
1497 1770 1732 1825 Sallust.
1759 1769 1917 1825 Deel.
1946 1771 2005 1824 in
2031 1768 2147 1823 Cic.
2177 1772 2224 1835 3,
2252 1774 2281 1822 4
2320 1777 2511 1826 unten.

533 2008 776 2062 minores.
847 2011 927 2065 Zu
969 2013 1155 2075 1‚148.

534 2093 844 2150 Vielleieht
879 2095 1082 2151 daehte
1106 2095 1350 2151 Juvenal
1383 2096 1538 2150 'nach
1563 2095 1759 2156 Lewis,
1805 2096 1948 2150 auch
1985 2110 2058 2149 an
2082 2093 2199 2148 Cic.
2227 2093 2347 2149 Cat.
2375 2099 2422 2156 4,
2444 2098 2473 2146 8
2501 2112 2668 2164 quam

396 2180 668 2249 (patriam
710 2180 940 2249 quidam
975 2179 1109 2235 hine
1145 2182 1284 2244 nati,
1323 2189 1382 2236 et
1416 2196 1632 2237 summo
1679 2180 1807 2235 loeo
1844 2181 1984 2246 nati,
2035 2195 2150 2234 non
2198 2180 2442 2248 patriam
2489 2197 2666 2246 suam,

395 2264 498 2320 sed
534 2265 728 2321 urbem
762 2264 1011 2320 hostium
1050 2279 1173 2321 esse
1214 2266 1626 2321 iudicaverunt.

535 2369 649 2419 235.
724 2368 906 2420 tunica
938 2397 1007 2406 —
1042 2371 1290 2422 molesta:
1342 2369 1436 2423 die
1471 2369 1576 2422 mit
1612 2368 1797 2423 einem
1832 2383 2171 2437 grausamen
2206 2367 2557 2424 Volkswitze
2604 2386 2668 2424 so

393 2453 719 2509 benannten
753 2451 1018 2508 Tuniken
1056 2455 1155 2508 der
1191 2454 1614 2522 Delinquenten
1659 2470 1763 2509 aus
1811 2453 2255 2509 entzllndliehen
2292 2454 2533 2531 Stoffen2
2572 2455 2667 2510 die

396 2539 567 2594 ihnen
603 2537 709 2594 auf
738 2538 863 2594 dem
887 2540 1061 2595 Leibe
1087 2540 1446 2607 angezundet
1469 2539 1717 2594 wurden.
1755 2541 1914 2595 Mart.
1942 2541 1996 2595 X
2022 2542 2106 2605 25,
2136 2542 2219 2593 5s.
2260 2539 2366 2594 SG.
2394 2541 2453 2594 II
2478 2542 2596 2605 409,
2623 2542 2665 2593 1.

536 2644 649 2694 236.
723 2641 926 2710 viyilat.
1000 2641 1113 2695 Cio.
1143 2643 1307 2697 Catil.
1342 2645 1382 2708 1,
1413 2645 1442 2693 S
1488 2642 1787 2711 intelleges
1830 2643 2006 2696 multo
2056 2657 2142 2696 me
2187 2643 2431 2710 vigilare
2481 2645 2668 2699 acrius

395 2726 470 2781 ad
506 2728 746 2782 salutem
782 2742 950 2795 quam
987 2736 1043 2781 te
1082 2727 1154 2781 ad
1191 2728 1501 2796 perniciem
1537 2728 1619 2781 rei
1657 2726 1943 2795 publicae.

534 2831 650 2882 237.
723 2847 902 2882 novus.
975 2828 1090 2883 Cio.
1117 2831 1249 2899 Leg.
1278 2846 1392 2899 agr.
1422 2832 1467 2895 2,
1496 2832 1525 2879 3
1562 2830 1734 2897 pauci
1772 2827 1995 2882 nobiles
2033 2829 2093 2880 in
2129 2828 2233 2881 hae
2271 2829 2509 2884 civitate
2535 2845 2668 2882 oon·

394 2916 546 2970 eules
581 2913 720 2969 faeti
757 2920 912 2968 sunt:
951 2931 1136 2969 novus
1174 2922 1306 2970 ante
1341 2930 1428 2969 me
1464 2930 1643 2968 nemo.
1718 2912 1861 2967 Vell.
1892 2912 1949 2967 II
1976 2915 2057 2977 34,
2086 2914 2115 2962 3
2153 2913 2222 2967 M.
2252 2913 2452 2968 Cicero
2487 2943 2554 2952 —
2578 2915 2667 2968 vir

393 3001 670 3055 novitatis
705 2999 1121 3064 nobilissimae;
1161 3000 1270 3069 vgl.
1310 3001 1602 3055 Drumann
1637 2998 1759 3053 RG.
1786 2998 1840 3053 V
1866 2998 2032 3050 397ff.

532 3102 697 3138 novus
733 3085 993 3153 Arpinas.
1068 3084 1199 3140 Sall.
1228 3085 1384 3139 Decl.
1412 3084 1471 3137 in
1498 3083 1614 3137 Cio.
1642 3087 1690 3149 3,
1717 3087 1748 3135 4
1784 3083 1950 3137 homo
1989 3098 2174 3136 novus
2198 3080 2463 3151 Arpinas.
2518 3083 2662 3139 Ibid.

393 3173 441 3235 4,
468 3173 496 3221 7
539 3170 748 3225 ίοίεἰθτῐ
781 3186 898 3224 von
934 3169 1169 3236 Quintil.
1198 3171 1280 3225 IX
1309 3174 1354 3235 3,
1383 3172 1448 3222 89
1505 3186 1538 3223 o
1577 3169 1825 3223 Romule
1860 3166 2127 3235 Arpinas.

533 3275 648 3324 238.
719 3272 1062 3341 municipalis
1127 3291 1296 3342 eques.
1385 3271 1568 3327 Ueber
1628 3271 1787 3326 scine
1848 3270 2193 3339 municipale
2252 3270 2666 3339 Abstammung

391 3358 608 3427 sprieht
660 3356 860 3412 Cicero
911 3358 1154 3427 Philipp.
1195 3362 1242 3423 3,
1283 3361 1372 3423 153
1432 3358 1647 3426 equitis
1697 3357 1938 3410 Romani
1990 3355 2145 3411 filius
2197 3356 2503 3421 gDrumann
2540 3355 2662 3410 RG.

393 3441 445 3497 V
483 3445 594 3507 2122
637 3450 814 3498 nennt
849 3459 909 3498 er
945 3444 1065 3499 sich
1102 3443 1312 3497 Muren.
1345 3444 1422 3493 17.

532 3547 647 3598 239.
721 3544 778 3597 in
814 3545 959 3597 omni
989 3550 1165 3598 monte
1207 3543 1297 3598 fiir
1345 3544 1406 3598 in
1451 3544 1713 3599 omnibus
1754 3543 1998 3598 collibus
2041 3546 2098 3609 16,
2128 3545 2257 3608 2963
2297 3546 2487 3609 9,131)
2528 3543 2661 3597 (1.1).

394 3630 453 3683 in
503 3629 602 3685 der
643 3645 863 3699 ganzen
910 3629 1089 3686 Stadt.
1163 3630 1348 3685 Ueber
1393 3630 1486 3684 die
1531 3636 1751 3684 montes
1786 3627 1899 3683 V11
1942 3629 2040 3682 der
2077 3628 2663 3696 Regionenverzeieh·

392 3716 544 3769 nisse
579 3715 798 3770 Jordan
821 3714 1067 3784 Topogr.
1096 3714 1153 3769 II
1181 3717 1280 3766 204
1296 3715 1348 3768 ff.
1401 3714 1613 3770 Preller
1638 3715 1940 3783 Regionen
1967 3715 2142 3769 Rome
2167 3716 2282 3765 225.
2339 3713 2519 3768 Varro
2544 3715 2603 3768 L.
2625 3713 2661 3766 l.

394 3799 445 3852 V
472 3801 531 3851 41
588 3799 1026 3868 Septimontium
1073 3801 1423 3853 nominatum
1472 3801 1543 3854 ab
1590 3805 1681 3854 tot
1727 3800 2029 3861 montibus,
2085 3816 2228 3867 quos
2280 3806 2486 3867 postea
2530 3799 2664 3855 urbs

392 3885 836 3954 comprehendit.
898 3885 1044 3940 Ibid.
1070 3885 1154 3939 VI
1181 3888 1245 3936 24
1273 3885 1396 3940 dies
1421 3885 1849 3953 septimontium
1874 3886 2198 3940 nominatus
2237 3884 2307 3938 ab
2332 3884 2420 3939 his
2446 3890 2662 3954 septem

392 3970 694 4037 montibus,
732 3971 792 4025 in
829 3971 1036 4040 quibus
1071 3971 1186 4025 sita
1220 3970 1353 4024 urbs
1391 3976 1490 4024 est.

529 4074 647 4124 240.
721 4077 856 4142 coya.
929 4070 1046 4127 Cio.
1086 4072 1154 4126 In
1188 4074 1301 4127 Pis.
1333 4075 1394 4123 73
1441 4072 1647 4127 cedant
1693 4088 1847 4125 arma
1895 4076 2091 4140 togae,
2145 4072 2422 4128 concedat
2466 4072 2662 4128 laurea

393 4156 569 4212 laudi.
640 4157 783 4213 Plin.
810 4157 929 4215 Nn.
958 4156 1072 4212 VII
1104 4160 1200 4210 117
1238 4157 1395 4213 salve
1430 4159 1644 4225 primus
1682 4157 1930 4211 omnium
1967 4172 2172 4225 parens
2207 4158 2429 4226 patriae
2466 4156 2661 4226 appel-

391 4244 522 4309 late,
559 4244 773 4312 primus
810 4244 869 4297 in
908 4248 1044 4312 toga
1079 4242 1421 4311 triumphum
1462 4243 1807 4310 linguaeque
1843 4242 2091 4297 lauream
2136 4245 2348 4299 merite.
2423 4242 2658 4307 Quintil.

394 4327 450 4382 11
482 4330 559 4393 16,
588 4332 616 4378 7
654 4344 770 4383 non
804 4358 873 4367 -
909 4327 1361 4398 supplicationes
1394 4358 1463 4367 -
1499 4329 1558 4381 in
1595 4336 1731 4396 toga
1767 4327 2010 4382 meruit?

493 4429 682 4471 Juvenal
709 4430 767 4471 ΙΙ.
2215 4435 2245 4482 5
