3334 5075
1065 369 1233 425 Liber
1270 369 1489 425 tertius.
1562 368 1769 425 Satura
1805 368 1933 424 v11.
2526 374 2643 436 381

553 542 658 608 dic
699 542 903 626 igitur
947 539 1104 623 quid
1148 539 1498 607 causidicis
1543 539 1767 607 civilia
1808 546 2142 624 praestent

552 652 768 719 officia
812 658 878 718 et
919 671 1158 736 magno
1203 652 1471 719 comites
1514 653 1583 717 in
1626 652 1807 718 fasce
1850 651 2073 718 libelli.

551 766 679 849 ipsi
724 783 965 848 magna
1009 770 1262 845 sonant,
1310 762 1429 830 sed
1471 770 1609 831 tum
1652 782 1795 829 cum
1843 762 2125 830 creditor
2168 762 2352 829 audit

553 878 918 960 praecipue,
966 876 1075 941 vel
1119 876 1177 940 si
1222 875 1440 959 tetigit
1482 875 1656 941 latus
1699 876 1912 941 acrior
1954 874 2072 940 illo

389 996 506 1052 110
554 989 665 1071 qui
709 988 891 1053 venit
935 985 1020 1052 ad
1065 985 1330 1053 dubium
1375 986 1609 1070 grandi
1654 1005 1801 1052 cum
1844 984 2069 1052 codice
2114 1006 2372 1053 nomen.

552 1107 708 1166 tuuc
749 1100 1046 1165 inmensa
1089 1100 1235 1165 cavi
1280 1098 1534 1182 spirant
1575 1097 1923 1164 mendacia
1966 1097 2160 1164 folles

553 1211 1056 1295 conspuiturque
1099 1210 1308 1275 sinus:
1356 1229 1578 1276 veram
1623 1208 2029 1294 deprendere
2072 1228 2351 1276 messem

597 1384 708 1433 109.
781 1382 1065 1435 dannaba&
1098 1380 1262 1434 Jahn.

528 1540 682 1591 112s.
756 1535 910 1593 Serv.
936 1535 1106 1604 Verg.
1134 1534 1198 1591 G.
1227 1534 1311 1590 IV
1337 1536 1430 1588 231
1476 1539 1681 1601 (veram
1715 1564 1785 1574 —
1820 1535 1991 1599 libet).

382 1695 508 1751 Sen.
534 1695 678 1762 Epp.
704 1694 785 1757 72,
812 1694 843 1743 2
880 1690 1158 1760 quaedam
1191 1691 1403 1746 lectum
1439 1694 1500 1745 et
1533 1690 1716 1745 otium
1750 1695 1809 1745 et
1831 1696 2109 1745 secretum
2134 1689 2475 1745 desiderant.
2521 1688 2650 1758 Vgl.

381 1786 557 1836 unten
591 1797 644 1835 v.
676 1781 770 1830 173
806 1778 1092 1833 rhetorica
1123 1805 1195 1815 —
1229 1776 1301 1831 ab
1337 1776 1549 1831 umbra.

523 1867 636 1917 106.
706 1862 890 1917 civilia
929 1891 1002 1903 —
1049 1865 1161 1914 107.
1207 1860 1432 1933 Officia.
1515 1860 1751 1926 Quintil.
1789 1862 1905 1916 XII
1944 1864 1991 1928 2,
2017 1863 2051 1912 6
2094 1861 2322 1930 quando
2368 1876 2485 1916 non
2538 1862 2653 1916 alia

381 1958 540 2008 secta
572 1951 730 2006 vitae
763 1950 994 2017 longius
1030 1964 1066 2003 a
1100 1947 1368 2004 civilibus
1403 1946 1614 2003 officiis
1648 1953 1823 2016 atque
1858 1946 1929 2003 ab
1966 1947 2119 2002 omni
2156 1959 2385 2002 munere
2410 1948 2653 2002 oratoris

379 2037 621 2093 recessit
657 2036 757 2101 (als
793 2035 888 2091 die
911 2033 1325 2102 Philosophen).
1384 2034 1468 2089 Id.
1493 2034 1549 2088 X
1573 2036 1621 2100 3,
1650 2036 1729 2085 11.
1768 2033 1854 2088 ΧΙ
1879 2036 1927 2099 3,
1948 2034 2029 2084 22.
2078 2032 2221 2087 Plin.
2239 2033 2383 2101 Epp.
2410 2032 2494 2088 IV
2517 2035 2600 2101 24,
2620 2035 2650 2083 3

382 2123 613 2193 quidam
648 2136 721 2177 ex
755 2119 841 2187 iis,
880 2121 980 2189 qui
1005 2125 1142 2175 tunc
1166 2125 1409 2189 egerunt
1432 2120 1510 2183 (in
1531 2120 1746 2174 meiner
1767 2118 2025 2188 Jugend3
2062 2118 2219 2186 apud
2254 2119 2650 2181 centumviros)

381 2210 747 2265 decesserunt
780 2235 848 2245 —
883 2207 1030 2262 alius
1065 2206 1378 2262 exercitum
1412 2206 1578 2274 regit,
1614 2205 1774 2260 illum
1809 2204 2079 2260 civilibus
2124 2202 2330 2259 officiis
2373 2205 2653 2274 principis

382 2294 640 2350 amicitia
673 2292 898 2349 exemit.
960 2291 1044 2346 Id.
1068 2291 1153 2346 VI
1180 2294 1260 2358 32,
1291 2295 1310 2343 1
1343 2292 1532 2347 Nonio
1556 2289 1741 2347 Celeri
1767 2292 1861 2346 cui
1885 2290 2034 2345 ratio
2058 2290 2313 2345 civilium
2340 2289 2652 2347 officiorum

379 2381 776 2437 necessitatem
811 2378 1094 2446 quandam
1116 2377 1325 2433 nitoris
1348 2377 1605 2445 imponit.
1645 2376 1799 2432 Suet.
1823 2375 1948 2431 Tib.
1977 2378 2009 2430 8
2045 2375 2304 2431 civilium
2337 2375 2653 2432 officiorum

381 2466 719 2527 rudimentis
779 2478 970 2532 regem
1028 2461 1370 2520 Archelaum
1420 2461 1743 2518 'l'rallianos
1803 2467 1862 2517 et
1911 2461 2213 2518 Thessalos
2265 2491 2334 2501 -
2385 2461 2652 2532 Augusto

381 2555 764 2621 cognoscente
800 2548 1072 2606 defendit.

522 2640 635 2688 107.
708 2635 889 2702 libelli,
926 2635 1030 2691 auf
1045 2637 1317 2691 Processe
1340 2634 1674 2705 bezflgliche
1699 2633 2126 2701 Schriftstiicke,
2163 2632 2359 2691 Akten
2384 2635 2446 2690 in
2468 2635 2654 2691 einem

387 2723 625 2779 Btindel.

522 2810 635 2861 108.
706 2823 900 2877 mayn-a
932 2812 1137 2860 sonant.
1197 2808 1331 2863 Hor.
1358 2808 1411 2863 S.
1439 2807 1470 2861 1
1492 2810 1542 2872 4,
1567 2809 1633 2858 44
1672 2822 1738 2862 os
1761 2820 1967 2874 magna
1989 2805 2218 2861 sonabit
2240 2805 2467 2861 Cornua
2499 2807 2654 2876 quod

380 2896 688 2963 vincatque
724 2893 905 2949 tubas.
968 2893 1087 2948 Iuv.
1117 2894 1164 2958 6,
1192 2896 1290 2944 517
1326 2892 1541 2961 grande
1577 2898 1759 2948 sonat.

520 2983 633 3032 109.
677 2980 789 3031 110.
861 2978 1093 3047 Madvig
1126 2976 1266 3048 Opp.
1294 2978 1353 3033 11
1394 2979 1491 3029 188
1519 2999 1584 3023 =
1624 2979 1726 3030 544
1774 2977 2035 3045 litigator
2082 2981 2141 3030 et
2183 2974 2444 3045 litigator
2488 2978 2651 3033 dives

382 3077 443 3123 et
485 3066 717 3122 dubiam
760 3080 988 3120 causam
1033 3064 1294 3130 afferens,
1342 3063 1576 3120 dubium
1620 3078 1828 3118 nomen
1870 3067 2093 3130 petens;
2139 3076 2269 3114 nam
2312 3062 2384 3118 ab
2431 3061 2540 3117 hoc
2583 3079 2653 3119 eo

385 3153 561 3207 maior
595 3165 808 3206 merces
845 3149 1206 3219 exprimetur,
1254 3164 1368 3218 quo
1403 3149 1534 3218 plus
1569 3147 1746 3217 vulgo
1783 3146 2137 3202 causidicum
2172 3147 2433 3216 accipere
2470 3149 2652 3204 credi-

382 3239 548 3294 derit.
617 3235 908 3291 Vielmehr
943 3236 1042 3290 der
1076 3235 1364 3304 Banquier
1401 3235 1805 3304 (argentarius),
1853 3232 1951 3288 der
1986 3233 2049 3287 in
2082 3233 2294 3288 seinem
2330 3232 2653 3290 Cassabuch

387 3324 584 3379 {codex
620 3321 846 3390 accepti
881 3328 942 3377 et
975 3320 1224 3390 expensi)
1262 3321 1356 3376 die
1391 3320 1746 3375 Einnahmen
1789 3319 1909 3374 und
1941 3316 2255 3387 Ausgaben
2301 3319 2406 3374 mit
2440 3320 2653 3374 Namen

383 3410 484 3464 der
540 3406 917 3476 betheiligten
966 3406 1254 3462 Personen
1306 3406 1423 3461 und
1475 3407 1536 3460 in
1588 3407 1803 3462 seinem
1862 3404 1998 3469 (hier
2050 3404 2387 3472 gemeinten)
2444 3403 2653 3461 Conto-

382 3492 770 3549 Currentbuch
817 3492 977 3556 (liber
1019 3493 1304 3547 rationum
1341 3492 1471 3561 Dig.
1501 3492 1560 3546 11
1590 3494 1669 3558 13,
1700 3493 1761 3542 10
1797 3494 1828 3554 ξ
1854 3493 1885 3541 2
1922 3489 2105 3545 codex
2150 3491 2450 3554 rationum)
2488 3497 2654 3547 unter

383 3580 494 3635 den
527 3578 744 3634 Namen
779 3576 918 3633 aller
960 3577 1147 3632 seiner
1182 3575 1715 3634 Geschaftsfieunde
1765 3575 1851 3630 ihr
1898 3574 2094 3631 Credit
2136 3576 2255 3631 und
2298 3576 2486 3632 Debet
2528 3592 2654 3633 ver·

381 3664 688 3721 zeichnete.
757 3663 836 3717 Er
871 3660 1116 3718 zweifelt
1150 3679 1267 3718 nun
1302 3678 1377 3716 an
1412 3662 1511 3718 der
1547 3659 2117 3731 Zahlungsffihigkeit
2160 3662 2261 3717 des
2304 3663 2650 3726 causidicus,

383 3758 532 3806 etwa
565 3748 841 3804 nachdem
876 3749 1062 3806 dieser
1098 3750 1225 3804 eine
1261 3747 1515 3818 Zahlung
1560 3747 1664 3803 auf
1707 3747 1804 3801 ihu
1842 3747 2201 3815 angewiesen
2245 3747 2358 3803 hat„
2432 3748 2566 3805 StV.
2593 3750 2652 3805 11

382 3835 604 3887 64—69.

521 3919 698 3989 tetiyit
734 3920 889 3972 latin.
935 3920 1112 3975 Latus
1146 3925 1380 3989 tangere
1406 3919 1708 3990 allgemein
1733 3919 1842 3973 wie
1866 3917 2019 3973 latus
2042 3916 2297 3974 fodicare
2318 3919 2552 3989 Madvig
2576 3920 2650 3975 ib.

382 4007 451 4062 In
486 4006 588 4061 der
621 4004 963 4074 Bedeutnng
997 4005 1344 4061 verwunden
1378 4005 1466 4060 De
1503 4005 1669 4062 obitu
1703 4003 2050 4058 Maecenatis
2088 4005 2169 4056 38.

525 4094 637 4144 111.
696 4092 886 4161 fallea.
956 4091 1067 4146 Die
1111 4091 1400 4159 Metapher
1450 4106 1564 4146 von
1607 4088 1978 4147 arbeitenden
2022 4088 2398 4158 Blasebiilgen
2443 4090 2519 4145 ist
2561 4088 2652 4144 fflr

383 4176 876 4244 Grosssprecherei
913 4177 1284 4246 gewohnlich.
1356 4178 1489 4233 Hor.
1517 4176 1569 4233 S.
1599 4177 1627 4232 I
1651 4180 1701 4242 4,
1731 4179 1808 4228 19.
1846 4175 1997 4231 Pers.
2025 4176 2073 4241 5,
2104 4177 2181 4226 10.

524 4265 636 4315 112.
709 4262 1125 4334 conspuiturque
1159 4263 1323 4317 sinus.
1382 4264 1605 4320 Petron.
1635 4265 1714 4313 74.
1752 4260 1985 4317 C.Trim.
2012 4278 2065 4330 p.
2093 4262 2209 4313 314.
2254 4259 2395 4316 Dies
2418 4260 2652 4329 gehlirte

383 4365 452 4404 zu
490 4349 602 4404 den
634 4348 859 4405 Mitteln
894 4350 995 4406 der
1017 4349 1397 4419 Abwondug
1433 4350 1533 4406 der
1563 4348 1836 4415 Nemesis,
1875 4346 2087 4404 welche
2123 4347 2217 4403 die
2239 4345 2654 4416 Ueberhebung

487 4475 680 4519 Juvenal
716 4477 776 4520 11.
2209 4451 2240 4501 ²
