3334 5075
1112 365 1283 421 Liber
1317 366 1536 422 tertius.
1609 364 1815 421 Satura
1848 366 2008 422 VIII.
2571 370 2701 433 409

605 538 998 623 segnipedes
1043 536 1355 622 dignique
1397 536 1639 605 molam
1685 556 1951 606 versare
1994 546 2283 623 nepotes.

604 670 760 735 ergo
804 657 877 716 ut
918 651 1226 715 miremur
1267 656 1350 733 te,
1400 670 1530 716 non
1573 656 1707 732 tua,
1754 651 2011 735 privum
2055 650 2311 733 aliquid
2354 649 2456 733 da,

605 762 778 845 quod
820 764 1064 847 possim
1109 761 1317 828 titulis
1361 761 1650 829 incidere
1696 770 1953 847 praeter
1997 762 2279 828 honores

479 882 555 937 7ο
602 892 766 956 quos
809 873 940 939 illis
985 873 1216 939 damus
1260 892 1339 938 ac
1383 872 1697 956 dedimus,
1749 874 1985 957 quibus
2030 875 2245 940 omnia
2288 873 2509 941 debes.

686 985 848 1051 haec
893 986 1054 1051 satis
1097 984 1184 1051 ad
1227 986 1533 1051 iuvenem
1580 1006 1774 1068 quem
1818 986 2008 1052 nobis
2051 986 2232 1053 fama
2275 985 2624 1072 superbum

599 1096 800 1163 tradit
843 1104 911 1162 et
951 1096 1248 1162 inflatum
1293 1097 1687 1181 plenumque
1728 1098 1992 1163 Nerone
2033 1098 2429 1183 propinqum

601 1227 786 1273 rarus
833 1209 1004 1273 enim
1051 1207 1254 1274 ferme
1301 1226 1533 1275 sensus
1582 1211 1938 1275 communis
1981 1211 2051 1276 in
2097 1210 2216 1275 illa

601 1318 876 1385 fortuna.
970 1318 1090 1385 sed
1132 1328 1200 1386 te
1246 1323 1497 1386 censeri
1543 1321 1742 1387 laude
1785 1328 2057 1403 tuorum,

476 1438 552 1493 75
600 1416 885 1513 Pontice,
933 1431 1249 1497 noluerim
1296 1432 1391 1498 sic
1436 1438 1507 1498 ut
1550 1432 1717 1498 nihil
1760 1434 1903 1517 ipse
1949 1433 2207 1500 futurae

596 1541 812 1609 laudis
855 1561 1036 1626 agas.
1128 1544 1435 1609 miserum
1480 1549 1582 1609 est
1624 1543 1903 1609 aliorum
1946 1545 2318 1612 incumbere
2362 1546 2597 1629 famae,

599 1674 683 1719 ne
726 1653 1039 1738 conlapsa
1081 1662 1273 1720 ruant
1317 1653 1649 1721 subductis
1694 1662 1870 1722 tecta
1913 1656 2249 1721 columnis.

599 1772 837 1833 stratus
881 1765 1060 1830 humi
1105 1765 1358 1851 palmes
1402 1766 1635 1832 viduas
1682 1765 2013 1834 desiderat
2056 1769 2280 1833 ulmos.

598 1884 737 1943 esto
781 1877 991 1942 bonus
1035 1878 1240 1958 miles,
1290 1884 1459 1944 tutor
1504 1879 1729 1959 bonus,
1780 1880 2020 1944 arbiter
2062 1878 2237 1944 idem

631 2050 713 2100 67.
785 2054 1025 2116 nepotes
1063 2050 1118 2102 P
1181 2048 1410 2118 nepotis
1438 2066 1482 2118 p
1557 2049 1995 2121 (superscriptum
2035 2050 2325 2120 proprium
2361 2050 2612 2119 pistoris)
2652 2072 2694 2103 ω

428 2135 599 2188 Jahn²
633 2134 874 2204 Nepotis
910 2134 1116 2188 JahnI
1135 2135 1351 2204 Mayor.

630 2222 712 2273 68.
782 2222 1007 2289 privum
1048 2220 1343 2274 Salmasius
1377 2221 1622 2290 primum
1659 2222 1766 2275 Po».

631 2308 713 2359 78.
787 2305 1079 2361 desiderat
1116 2307 1172 2360 P
1200 2306 1552 2363 discinderet
1587 2308 1644 2360 in
1679 2325 1845 2379 mar-9.
1883 2325 2070 2362 mma-s
2106 2306 2370 2361 recentior
2406 2307 2696 2364 desideret

425 2393 568 2446 Beer
594 2410 655 2461 p.
684 2398 763 2446 73.

558 2550 640 2600 67.
710 2547 1000 2603 Phaedrus
1060 2545 1321 2616 Append.
1375 2553 1461 2601 19:
1537 2566 1743 2620 equum
1810 2565 1843 2606 e
1899 2550 2179 2619 quadriga
2243 2549 2438 2606 multis
2490 2549 2696 2620 palmis

421 2633 669 2689 nobilem
703 2633 923 2702 Abegit
956 2633 1187 2702 quidam
1224 2639 1282 2689 et
1317 2637 1377 2689 in
1413 2637 1714 2705 pistrinum
1753 2635 2029 2691 vendidit.

556 2724 772 2789 nepote-s
806 2719 990 2776 soviel
1026 2719 1111 2774 als
1144 2722 1453 2788 posteritas
1488 2739 1540 2776 v.
1568 2723 1650 2773 62.

557 2807 641 2857 68.
713 2809 791 2870 to,
827 2821 936 2858 non
969 2810 1095 2859 tua:
1146 2806 1314 2862 deine
1360 2806 1760 2875 personlichen
1804 2806 2182 2874 Leistungen,
2237 2806 2398 2861 nicht
2451 2807 2554 2863 das
2601 2808 2692 2864 dir

421 2890 598 2945 durch
634 2890 728 2945 die
764 2889 983 2946 Geburt
1018 2890 1395 2961 Zugefallene.

552 2975 773 3045 profem
806 2975 1019 3046 aliquid
1049 2978 1134 3042 da,
1172 2978 1285 3034 wie
1319 2981 1367 3044 3,
1398 2980 1492 3031 137
1530 2979 1649 3033 und
1676 2978 1755 3043 16,
1782 2979 1847 3029 29
1884 2977 1959 3031 da
1991 2983 2209 3033 testem.

556 3061 640 3114 69.
678 3065 758 3114 7ο.
832 3060 1050 3118 Seneca
1090 3063 1300 3118 Beneff.
1338 3062 1424 3118 IV
1458 3067 1549 3131 30,
1600 3067 1623 3116 1
1674 3066 1735 3119 in
1780 3062 2050 3118 honorem
2099 3061 2366 3128 aliorum,
2426 3064 2580 3118 sicut
2631 3064 2692 3117 in

416 3148 680 3215 petendis
713 3148 1026 3204 honoribus
1049 3150 1325 3217 quosdam
1349 3151 1709 3220 turpissimos
1742 3148 2019 3205 nobilitas
2054 3148 2352 3203 industriis
2387 3147 2490 3203 sed
2524 3150 2695 3205 novis

417 3233 690 3301 praetulit
732 3249 850 3288 non
899 3235 1024 3290 sine
1068 3237 1314 3291 ratione:
1371 3251 1534 3291 sacra
1581 3243 1671 3292 est
1711 3251 2039 3305 magnarum
2082 3236 2356 3291 virtutum
2403 3236 2691 3290 memoria.

418 3318 548 3387 Vgl.
585 3320 734 3374 auch
769 3320 908 3374 ibid.
937 3323 968 3384 ᾗ
993 3324 1040 3372 4.

557 3407 638 3457 73.
700 3409 898 3476 smne.
969 3406 1202 3462 Ebenso
1243 3409 1320 3474 13,
1347 3410 1462 3461 236.

554 3508 734 3544 semus
782 3493 1082 3547 communis.
1165 3494 1467 3549 Entweder
1512 3494 1656 3549 auch
1703 3494 1823 3549 hier
1874 3492 2057 3549 soviel
2109 3492 2194 3547 als
2252 3491 2690 3562 κοινονοημοσύνη

420 3579 506 3638 (zu
544 3578 591 3642 7,
617 3578 735 3641 218)
772 3578 824 3631 d.
860 3578 912 3632 h.
950 3578 1192 3635 humane
1244 3579 1763 3636 Riicksichtnahme
1812 3577 1917 3634 auf
1953 3580 2161 3635 andere
2208 3583 2289 3644 (so
2333 3578 2576 3649 Bentley
2620 3595 2691 3633 zu

416 3659 550 3715 Hor.
577 3660 693 3716 Sat.
714 3662 743 3717 Ι
769 3663 817 3729 3,
843 3665 925 3729 66)
963 3665 1102 3720 oder
1124 3665 1406 3734 gesunder
1428 3666 1730 3732 Verstand,
1765 3665 1876 3720 wie
1909 3665 2005 3721 bei
2028 3665 2315 3721 Phaedrus
2337 3665 2366 3719 I
2393 3667 2439 3731 7,
2475 3680 2566 3721 wo
2592 3665 2693 3720 der

415 3746 601 3802 Fuchs
655 3748 794 3804 iiber
843 3750 937 3806 die
988 3750 1478 3820 Gehirnlosigkeit
1522 3752 1620 3806 der
1674 3751 2000 3820 tragischen
2048 3750 2242 3806 Maske
2295 3756 2526 3820 spottet:
2581 3750 2692 3804 hoc

415 3832 532 3888 illis
569 3833 785 3889 dictum
821 3843 922 3902 est,
960 3837 1168 3906 quibus
1201 3838 1470 3893 honorem
1509 3842 1569 3892 et
1609 3837 1848 3906 gloriam
1893 3838 2143 3892 Fortuna
2187 3836 2416 3902 tribuit,
2466 3851 2692 3892 sensum

416 3933 767 3975 communem
802 3921 1056 3978 abstulit.

554 4007 772 4058 74—76.
845 4005 1056 4064 Tibull.
1095 4008 1179 4063 IV
1208 4011 1252 4076 1,
1280 4009 1345 4061 29
1382 4010 1510 4065 Non
1545 4014 1649 4064 tua
1682 4008 1957 4064 maiorum
1982 4013 2310 4063 contentast
2332 4006 2519 4076 gloria
2540 4005 2691 4061 fama

414 4090 533 4145 Nec
567 4092 795 4161 quaeris
832 4094 973 4162 quid
1009 4109 1234 4164 quaque
1260 4095 1433 4150 index
1458 4097 1563 4152 sub
1588 4095 1837 4165 imag-ine
1864 4094 2035 4160 dicat,
2072 4093 2187 4150 Sed
2209 4093 2435 4162 generis
2467 4093 2692 4161 priscos

416 4178 714 4233 contendis
751 4178 982 4235 vincere
1005 4179 1264 4247 honores,
1293 4179 1471 4245 Quam
1495 4181 1604 4237 tibi
1627 4182 1872 4237 maiores
1894 4181 2078 4236 maius
2103 4179 2279 4236 decus
2307 4179 2430 4248 ipse
2463 4178 2688 4234 futuris.

447 4287 451 4291 Δ
553 4264 633 4314 78.
705 4263 909 4318 viduas.
983 4265 1116 4321 Hor.
1143 4264 1202 4321 O.
1230 4266 1314 4322 IV
1339 4268 1386 4333 5,
1413 4268 1480 4318 30
1515 4269 1693 4323 vitem
1716 4269 1923 4323 viduas
1950 4267 2111 4322 ducit
2135 4267 2208 4321 ad
2235 4265 2479 4322 arbores.
2519 4265 2601 4321 rb.
2628 4265 2687 4319 II

421 4347 497 4412 15,
527 4352 558 4399 4
593 4349 972 4421 platanusque
1012 4352 1239 4408 caelebs
1274 4352 1519 4408 Evincet
1553 4352 1749 4409 ulmos.
2624 4387 2629 4392 ·
