3334 5075
631 397 758 458 420
1455 390 1748 446 Iuvenalis
1783 395 2095 445 saturarum

809 570 876 630 et
919 583 1061 630 cum
1108 563 1330 630 venali
1377 562 1605 648 Cyane
1650 562 1979 629 succincta
2023 561 2282 646 lagona.

807 674 1114 743 defensor
1157 677 1389 761 culpae
1436 674 1609 743 dicet
1654 675 1813 740 mihi
1859 668 2153 740 ‘fecimus
2198 682 2263 741 et
2307 692 2426 740 nos

806 787 972 854 haec
1014 781 1329 855 iuvenes'.
1423 793 1579 870 esto,
1630 786 1860 853 desisti
1906 806 2140 871 nempe
2183 804 2305 851 nec
2348 787 2522 852 ultra

642 907 757 964 165
805 899 1023 967 fovisti
1073 919 1373 966 errorem.
1464 902 1663 966 breve
1708 901 1793 965 sit
1838 897 2012 982 quod
2056 898 2329 982 turpiter
2371 896 2593 980 audes,

808 1011 1130 1095 quaedam
1175 1032 1316 1078 cum
1364 1011 1577 1097 prima
1622 1017 1993 1077 resec-entur
2040 1011 2311 1076 crimina
2352 1009 2575 1075 barba.

805 1123 1077 1210 indulge
1121 1123 1383 1190 veniam
1428 1123 1679 1208 pueris:
1727 1123 2091 1189 Lateranus
2136 1121 2223 1188 ad
2267 1123 2414 1188 illos

806 1235 1202 1302 thermarum
1249 1235 1487 1301 calices
1531 1235 1972 1320 inscriptaque
2016 1235 2223 1300 lintea
2267 1232 2450 1299 vadit

807 1355 1099 1413 maturus
1143 1346 1316 1413 bello
1362 1347 1711 1412 Armeniae
1755 1347 2117 1430 Syriaeque
2160 1344 2419 1411 tuendis

646 1468 762 1523 170
811 1460 1109 1526 amnibus
1155 1467 1222 1526 et
1265 1460 1507 1526 Rheno'
1537 1467 1736 1541 atque
1781 1458 2018 1524 Histro.
2111 1463 2451 1543 praestare
2492 1457 2818 1523 Neronem

809 1590 1105 1637 securum
1151 1572 1331 1638 valet
1372 1571 1538 1638 haec
1581 1577 1784 1638 aetas.
1877 1573 2060 1637 mitte
2107 1569 2311 1652 Ostia,
2359 1570 2621 1650 Caesar,

806 1685 1007 1766 mitte,
1056 1682 1174 1750 sed
1218 1685 1286 1749 in
1331 1703 1569 1768 magna
1613 1683 1904 1767 legatum
1950 1702 2189 1766 quaere
2234 1683 2508 1766 popiua;

849 1847 960 1899 167.
1033 1847 1322 1904 lateranus
1358 1847 1416 1900 in
1453 1847 1508 1900 P
1538 1850 1874 1917 expunctum,
1917 1846 2340 1916 superscriptum
2383 1846 2478 1900 vel
2522 1845 2906 1915 damasippum

636 1930 822 1983 deinde
857 1932 951 1988 vel
986 1932 1224 1987 deletum.

778 2071 888 2121 162.
971 2073 1147 2140 cyane
1196 2070 1290 2126 die
1340 2069 1797 2126 Schenkwirthin
1843 2070 1981 2125 oder
2038 2068 2345 2125 Kelluerin.
2445 2070 2703 2140 Nymphe
2751 2070 2907 2125 einer

637 2155 758 2209 sich
796 2156 855 2210 in
893 2157 1004 2211 den
1038 2156 1276 2226 Anapos
1313 2156 1717 2225 ergiessenden
1754 2155 1951 2221 Quelle
1987 2156 2081 2211 bei
2119 2153 2218 2209 Ov.
2256 2155 2384 2210 Met.
2412 2155 2465 2211 V
2488 2157 2590 2208 409
2615 2156 2668 2211 ff.

772 2242 1040 2296 succincta
1084 2260 1181 2298 zur
1215 2241 1430 2298 flinken
1460 2242 1798 2311 Bedienung
1832 2241 1977 2297 hoch
2012 2240 2435 2311 aufgeschllrzt3
2474 2241 2584 2310 vgl.
2621 2242 2753 2296 Hor.
2790 2240 2905 2296 Sat„

639 2327 695 2381 11
724 2328 770 2394 6,
803 2329 898 2378 107
935 2326 1117 2384 veluti
1155 2328 1481 2384 succinctus
1519 2329 1761 2384 cursitat
1794 2327 2018 2397 hospes,
2066 2328 2123 2381 11
2161 2329 2209 2393 8,
2240 2330 2303 2380 10
2337 2343 2479 2396 puer
2516 2326 2631 2383 alte
2669 2327 2905 2381 cinctus.

781 2414 874 2466 163
903 2411 937 2467 f.
1011 2413 1191 2469 Plaut.
1220 2414 1420 2469 Bacch.
1449 2413 1538 2468 111
1566 2416 1612 2479 3,
1641 2415 1673 2465 6
1698 2413 1808 2469 feci
1835 2428 1943 2483 ego
1970 2413 2151 2469 istaec
2177 2413 2378 2469 itidem
2403 2413 2461 2467 in
2500 2412 2905 2468 adulescentia.

639 2498 796 2554 Mart.
824 2498 910 2554 IV
934 2501 1016 2566 78,
1043 2501 1075 2553 9
1112 2499 1252 2557 haec
1288 2497 1504 2556 faciant
1539 2514 1677 2556 sane
1715 2500 1965 2556 iuvenes.

780 2586 891 2637 168.
966 2586 1290 2640 thermarum
1315 2586 1515 2640 calices.
1553 2586 1740 2642 Ueber
1759 2585 2241 2642 Restaurationen
2258 2585 2354 2642 bei
2372 2584 2649 2641 Thermon
2666 2582 2908 2639 Becker-

640 2669 769 2726 Gon
795 2672 820 2725 1
852 2673 946 2722 157
974 2670 1008 2725 f.
1037 2672 1127 2727 III
1158 2674 1269 2725 156.
1343 2672 1425 2728 Zu
1449 2673 1607 2728 Mart
1634 2672 1689 2727 V
1715 2674 1795 2725 70.
1835 2672 1951 2727 XII
1978 2674 2059 2724 70.

775 2757 1141 2828 ime-raptaque
1164 2756 1329 2813 lintea
1351 2759 1954 2828 Leinwandvorhange
1975 2757 2112 2813 oder
2128 2758 2451 2828 Marquisen
2475 2758 2574 2813 der
2596 2757 2907 2821 Tabernen,

640 2840 746 2896 anf
771 2843 984 2898 welche
1021 2843 1596 2915 Geschiiftsanzeigen
1631 2845 2003 2916 geschrieben
2039 2860 2242 2900 waren.
2317 2843 2420 2900 SG.
2448 2844 2475 2897 I
2512 2846 2628 2910 303,
2655 2845 2701 2896 6.

780 2931 891 2981 169.
966 2930 1207 2984 amnibus
1240 2961 1308 2970 —
1345 2932 1636 2985 Armeniae
1676 2930 1982 3000 Syriaeque.
2054 2932 2312 3000 Euphrat
2346 2930 2463 2985 und
2499 2927 2705 2999 Tigris.

779 3016 892 3067 170.
969 3017 1156 3070 Rheno
1192 3023 1350 3086 atque
1387 3016 1618 3071 Histro.-
1657 3015 1797 3071 Stat.
1838 3014 1891 3072 S.
1920 3015 2003 3070 IV
2026 3020 2076 3083 4,
2113 3018 2177 3068 62
2202 3015 2237 3071 f.
2290 3020 2391 3071 aut
2433 3015 2620 3071 Rheni
2664 3014 2909 3085 populos

640 3106 740 3154 aut
784 3100 979 3171 nigrae
1024 3102 1198 3159 litora
1231 3103 1441 3159 Thules
1477 3102 1599 3158 Aut
1643 3103 1897 3158 Histrum
1946 3116 2173 3158 servare
2219 3101 2385 3157 latus.
2459 3101 2542 3155 Id.
2570 3101 2624 3155 V
2660 3104 2704 3167 1,
2744 3103 2839 3153 128
2871 3100 2907 3155 f.

639 3185 980 3243 Sarmaticas
1028 3188 1240 3245 hiemes
1278 3189 1643 3257 Histrumque
1695 3195 1754 3245 et
1801 3187 2019 3258 pallida
2055 3186 2240 3243 Rheni
2276 3188 2526 3257 Frigora.
2600 3187 2726 3258 Vgl.
2767 3186 2910 3242 auch

637 3289 708 3328 zu
747 3289 795 3327 v.
824 3275 905 3326 51.

781 3362 892 3413 171.
974 3359 1141 3415 Ostia.
1203 3358 1338 3415 CIL.
1367 3359 1507 3415 XIV
1531 3376 1583 3429 p.
1610 3363 1665 3412 4:
1706 3364 1893 3415 utrum
1920 3358 2081 3415 Ostia
2105 3358 2299 3415 Ostiae
2335 3374 2408 3413 an
2442 3358 2603 3415 Ostia
2627 3359 2910 3416 Ostiorum

641 3444 954 3502 declinatio
973 3451 1306 3514 praestaret,
1327 3447 1439 3501 iam
1460 3446 1612 3516 apud
1632 3447 1901 3517 antiquos
1921 3445 2333 3516 ambigebatur:
2363 3444 2465 3500 illa
2482 3446 2711 3501 videtur
2734 3445 2910 3503 fuisse

640 3538 700 3586 et
749 3531 1038 3599 antiquior
1093 3537 1152 3587 et
1202 3533 1585 3601 grammaticis
1633 3533 1817 3602 magis
1870 3538 2109 3602 accepta
2159 3531 2375 3597 (Festus
2421 3549 2474 3601 p.
2510 3533 2603 3583 197
2643 3531 2854 3588 Charis.
2883 3532 2909 3586 1

640 3633 693 3686 p.
716 3618 781 3669 98
797 3616 883 3681 K).
909 3616 1108 3672 Nihilo
1128 3618 1314 3673 minus
1334 3619 1504 3675 etiam
1524 3619 1669 3674 hanc
1695 3619 1944 3688 optimae
1965 3617 2173 3673 aetatis
2198 3617 2507 3687 scriptores
2530 3617 2913 3674 adhibuerunt

643 3701 887 3766 (Sallust.
914 3719 1002 3771 ap.
1040 3702 1270 3771 Charis„
1306 3704 1479 3760 etiam
1515 3705 1576 3760 in
1611 3704 2087 3772 inscriptionibus
2133 3717 2397 3759 numerus
2447 3703 2686 3772 pluralis
2734 3704 2910 3759 multo

640 3786 990 3857 frequentior
1027 3792 1146 3854 est).
1202 3787 1377 3858 Apud
1403 3788 1650 3846 Graecos
1676 3805 1903 3860 quoque
1929 3796 2168 3860 utraque
2194 3787 2372 3843 forma
2396 3788 2700 3845 invenitur.
2752 3788 2913 3845 Ostia

641 3875 719 3931 ist
755 3875 854 3930 der
890 3873 990 3931 Ort
1025 3875 1125 3931 der
1159 3876 1555 3946 Einschiffung
1591 3877 1692 3932 des
1728 3877 1997 3946 Legaten,
2047 3875 2251 3931 dessen
2296 3875 2543 3944 popinae
2591 3875 2719 3931 eine
2766 3875 2910 3930 noch

639 3962 960 4032 gemeinere
998 3960 1374 4018 Gesellschaft
1409 3962 1702 4018 enthalten
1738 3961 1823 4018 als
1861 3962 1955 4017 die
1992 3960 2325 4017 romischen.

783 4050 894 4101 172.
967 4049 1023 4101 in
1070 4067 1268 4120 maqna
1315 4079 1380 4087 -
1418 4048 1642 4119 popina.
1722 4048 1979 4117 Popinae
2027 4048 2148 4111 (Prl.
2181 4049 2282 4099 470
2318 4046 2389 4115 ᾗ),
2436 4044 2582 4102 efter
2628 4047 2732 4102 mit
2777 4047 2913 4102 Bor-

641 4133 828 4189 dellen
865 4150 1184 4190 zusammen
1207 4142 1460 4204 genannt
1485 4136 1694 4201 (Horat.
1720 4135 1864 4205 Epp.
1892 4134 1919 4188 Ι
1948 4136 2025 4201 14,
2053 4135 2113 4186 21
2144 4132 2179 4188 f.
2225 4132 2441 4190 Seneca
2463 4132 2578 4188 Vit.
2606 4132 2754 4188 beat.
2777 4135 2824 4201 7,
2849 4136 2913 4199 3),

639 4236 755 4274 von
792 4221 892 4277 der
927 4221 1280 4291 niedrigsten
1315 4221 1542 4287 Klasse,
1596 4222 1907 4278 besonders
1957 4219 2226 4286 Sclaven,
2274 4219 2541 4286 besucht‚
2588 4218 2783 4288 galten
2831 4219 2915 4275 als

642 4306 924 4363 durchaus
961 4308 1380 4376 unanstttndige
1416 4307 1646 4363 Lokale.
1687 4308 1855 4378 Digg.
1896 4306 1980 4361 IV
2016 4309 2064 4373 8,
2105 4309 2186 4372 21,
2217 4309 2273 4358 11
2325 4307 2385 4361 in
2433 4305 2681 4375 aliquem
2727 4307 2915 4362 locum

641 4392 999 4450 inhonestum
1060 4394 1259 4449 adesse
1319 4393 1577 4461 iusserit,
1637 4400 1781 4463 puta
1838 4394 1899 4448 in
1952 4394 2223 4462 popinam
2277 4392 2370 4447 vel
2424 4392 2483 4446 in
2536 4392 2912 4460 lupanarium.
