<?xml version="1.0" encoding="UTF-8"?>
<!DOCTYPE html PUBLIC "-//W3C//DTD XHTML 1.0 Transitional//EN"
    "http://www.w3.org/TR/xhtml1/DTD/xhtml1-transitional.dtd">
<html xmlns="http://www.w3.org/1999/xhtml" xml:lang="en" lang="en">
 <head>
  <title>
</title>
<meta http-equiv="Content-Type" content="text/html;charset=utf-8" />
  <meta name='ocr-system' content='tesseract 3.04.00' />
  <meta name='ocr-capabilities' content='ocr_page ocr_carea ocr_par ocr_line ocrx_word'/>
</head>
<body>
  <div class='ocr_page' id='page_1' title='image "./djuniijuvenalis01unkngoog_0177.png"; bbox 0 0 3334 5075; ppageno 0'>
   <div class='ocr_carea' id='block_1_1' title="bbox 1140 356 2718 426">
    <p class='ocr_par' dir='ltr' id='par_1_1' title="bbox 1140 356 2718 426">
     <span class='ocr_line' id='line_1_1' title="bbox 1140 356 2718 426; baseline 0 -14"><span class='ocrx_word' id='word_1_1' title='bbox 1140 358 1310 413; x_wconf 90' lang='lat' dir='ltr'>Liber</span> <span class='ocrx_word' id='word_1_2' title='bbox 1345 357 1576 426; x_wconf 85' lang='lat' dir='ltr'>primus.</span> <span class='ocrx_word' id='word_1_3' title='bbox 1651 357 1857 412; x_wconf 82' lang='lat' dir='ltr'>Satura</span> <span class='ocrx_word' id='word_1_4' title='bbox 1893 356 1967 410; x_wconf 90' lang='lat'>11.</span> <span class='ocrx_word' id='word_1_5' title='bbox 2597 360 2718 421; x_wconf 84' lang='lat'>169</span> 
     </span>
    </p>
   </div>
   <div class='ocr_carea' id='block_1_2' title="bbox 500 529 2579 1404">
    <p class='ocr_par' dir='ltr' id='par_1_2' title="bbox 619 529 2579 952">
     <span class='ocr_line' id='line_1_2' title="bbox 620 529 2282 617; baseline -0.003 -19"><span class='ocrx_word' id='word_1_6' title='bbox 620 534 785 598; x_wconf 87' lang='lat' dir='ltr'>haee</span> <span class='ocrx_word' id='word_1_7' title='bbox 831 533 1011 614; x_wconf 89' lang='lat' dir='ltr'>emis,</span> <span class='ocrx_word' id='word_1_8' title='bbox 1059 531 1312 598; x_wconf 88' lang='lat' dir='ltr'>hirsuto</span> <span class='ocrx_word' id='word_1_9' title='bbox 1359 532 1610 617; x_wconf 79' lang='lat' dir='ltr'>spirant</span> <span class='ocrx_word' id='word_1_10' title='bbox 1652 529 2075 614; x_wconf 86' lang='lat' dir='ltr'>opobalsama</span> <span class='ocrx_word' id='word_1_11' title='bbox 2119 529 2282 595; x_wconf 85' lang='lat' dir='ltr'>eollo</span> 
     </span>
     <span class='ocr_line' id='line_1_3' title="bbox 619 642 2579 728; baseline -0.002 -19"><span class='ocrx_word' id='word_1_12' title='bbox 619 664 790 728; x_wconf 88' lang='lat' dir='ltr'>quae</span> <span class='ocrx_word' id='word_1_13' title='bbox 837 643 1003 709; x_wconf 76' lang='lat' dir='ltr'>tibi?</span> <span class='ocrx_word' id='word_1_14' title='bbox 1052 663 1135 709; x_wconf 93' lang='lat' dir='ltr'>ne</span> <span class='ocrx_word' id='word_1_15' title='bbox 1179 643 1424 727; x_wconf 88' lang='lat' dir='ltr'>pudeat</span> <span class='ocrx_word' id='word_1_16' title='bbox 1468 643 1800 708; x_wconf 89' lang='lat' dir='ltr'>dominum</span> <span class='ocrx_word' id='word_1_17' title='bbox 1847 648 2205 707; x_wconf 85' lang='lat' dir='ltr'>monstrare</span> <span class='ocrx_word' id='word_1_18' title='bbox 2247 642 2579 708; x_wconf 85' lang='lat' dir='ltr'>tabernae.</span> 
     </span>
     <span class='ocr_line' id='line_1_4' title="bbox 622 755 2049 839; baseline -0.003 -17"><span class='ocrx_word' id='word_1_19' title='bbox 622 756 796 839; x_wconf 91' lang='lat' dir='ltr'>quod</span> <span class='ocrx_word' id='word_1_20' title='bbox 840 757 895 821; x_wconf 87' lang='lat' dir='ltr'>si</span> <span class='ocrx_word' id='word_1_21' title='bbox 941 762 1260 823; x_wconf 78' lang='lat' dir='ltr'>vexantur</span> <span class='ocrx_word' id='word_1_22' title='bbox 1302 756 1487 839; x_wconf 82' lang='lat' dir='ltr'>leges</span> <span class='ocrx_word' id='word_1_23' title='bbox 1531 774 1611 821; x_wconf 87' lang='lat' dir='ltr'>ae</span> <span class='ocrx_word' id='word_1_24' title='bbox 1653 757 1814 836; x_wconf 86' lang='lat' dir='ltr'>iura,</span> <span class='ocrx_word' id='word_1_25' title='bbox 1863 755 2049 820; x_wconf 86' lang='lat' dir='ltr'>eitari</span> 
     </span>
     <span class='ocr_line' id='line_1_5' title="bbox 620 867 2346 952; baseline -0.002 -17"><span class='ocrx_word' id='word_1_26' title='bbox 620 876 774 935; x_wconf 84' lang='lat' dir='ltr'>ante</span> <span class='ocrx_word' id='word_1_27' title='bbox 818 888 1041 935; x_wconf 89' lang='lat' dir='ltr'>omnes</span> <span class='ocrx_word' id='word_1_28' title='bbox 1087 868 1285 935; x_wconf 89' lang='lat' dir='ltr'>debet</span> <span class='ocrx_word' id='word_1_29' title='bbox 1326 867 1680 933; x_wconf 75' lang='lat' dir='ltr'>Scantinia.</span> <span class='ocrx_word' id='word_1_30' title='bbox 1774 867 2025 951; x_wconf 76' lang='lat' dir='ltr'>respice</span> <span class='ocrx_word' id='word_1_31' title='bbox 2068 869 2346 952; x_wconf 90' lang='lat' dir='ltr'>primum</span> 
     </span>
    </p>

    <p class='ocr_par' dir='ltr' id='par_1_3' title="bbox 500 978 2450 1404">
     <span class='ocr_line' id='line_1_6' title="bbox 500 978 2329 1063; baseline -0.001 -18"><span class='ocrx_word' id='word_1_32' title='bbox 500 990 578 1045; x_wconf 84' lang='grc'>45</span> <span class='ocrx_word' id='word_1_33' title='bbox 629 986 695 1047; x_wconf 87' lang='lat' dir='ltr'>et</span> <span class='ocrx_word' id='word_1_34' title='bbox 739 988 1029 1048; x_wconf 84' lang='lat' dir='ltr'>scrutare</span> <span class='ocrx_word' id='word_1_35' title='bbox 1075 981 1267 1046; x_wconf 86' lang='lat' dir='ltr'>viros.</span> <span class='ocrx_word' id='word_1_36' title='bbox 1362 979 1609 1046; x_wconf 78' lang='lat' dir='ltr'>faciunt</span> <span class='ocrx_word' id='word_1_37' title='bbox 1653 980 1721 1044; x_wconf 93' lang='lat' dir='ltr'>hi</span> <span class='ocrx_word' id='word_1_38' title='bbox 1767 981 1973 1063; x_wconf 87' lang='lat' dir='ltr'>plura,</span> <span class='ocrx_word' id='word_1_39' title='bbox 2020 979 2138 1044; x_wconf 91' lang='lat' dir='ltr'>sed</span> <span class='ocrx_word' id='word_1_40' title='bbox 2181 978 2329 1044; x_wconf 90' lang='lat' dir='ltr'>illos</span> 
     </span>
     <span class='ocr_line' id='line_1_7' title="bbox 622 1091 2450 1175; baseline -0.002 -15"><span class='ocrx_word' id='word_1_41' title='bbox 622 1092 920 1160; x_wconf 80' lang='lat' dir='ltr'>defendit</span> <span class='ocrx_word' id='word_1_42' title='bbox 963 1112 1271 1159; x_wconf 88' lang='lat' dir='ltr'>numerus</span> <span class='ocrx_word' id='word_1_43' title='bbox 1313 1093 1703 1175; x_wconf 74' lang='lat' dir='ltr'>iunctaeque</span> <span class='ocrx_word' id='word_1_44' title='bbox 1750 1093 2026 1157; x_wconf 89' lang='lat' dir='ltr'>umbone</span> <span class='ocrx_word' id='word_1_45' title='bbox 2071 1091 2450 1175; x_wconf 77' lang='lat' dir='ltr'>phalanges.</span> 
     </span>
     <span class='ocr_line' id='line_1_8' title="bbox 623 1203 2383 1290; baseline -0.001 -18"><span class='ocrx_word' id='word_1_46' title='bbox 623 1226 862 1290; x_wconf 88' lang='lat' dir='ltr'>magna</span> <span class='ocrx_word' id='word_1_47' title='bbox 905 1207 1075 1272; x_wconf 87' lang='lat' dir='ltr'>inter</span> <span class='ocrx_word' id='word_1_48' title='bbox 1116 1205 1344 1272; x_wconf 91' lang='lat' dir='ltr'>molles</span> <span class='ocrx_word' id='word_1_49' title='bbox 1389 1203 1748 1271; x_wconf 74' lang='lat' dir='ltr'>eoncordia.</span> <span class='ocrx_word' id='word_1_50' title='bbox 1841 1225 1969 1270; x_wconf 89' lang='lat' dir='ltr'>non</span> <span class='ocrx_word' id='word_1_51' title='bbox 2015 1205 2138 1270; x_wconf 88' lang='lat' dir='ltr'>erit</span> <span class='ocrx_word' id='word_1_52' title='bbox 2180 1204 2383 1271; x_wconf 90' lang='lat' dir='ltr'>ullum</span> 
     </span>
     <span class='ocr_line' id='line_1_9' title="bbox 625 1315 2202 1404; baseline -0.002 -20"><span class='ocrx_word' id='word_1_53' title='bbox 625 1319 988 1404; x_wconf 86' lang='lat' dir='ltr'>exemplum</span> <span class='ocrx_word' id='word_1_54' title='bbox 1037 1321 1103 1386; x_wconf 92' lang='lat' dir='ltr'>in</span> <span class='ocrx_word' id='word_1_55' title='bbox 1147 1325 1367 1385; x_wconf 87' lang='lat' dir='ltr'>nostro</span> <span class='ocrx_word' id='word_1_56' title='bbox 1413 1324 1544 1383; x_wconf 88' lang='lat' dir='ltr'>tam</span> <span class='ocrx_word' id='word_1_57' title='bbox 1591 1315 1976 1385; x_wconf 85' lang='lat' dir='ltr'>detestabile</span> <span class='ocrx_word' id='word_1_58' title='bbox 2023 1334 2202 1382; x_wconf 81' lang='lat' dir='ltr'>sexu.</span> 
     </span>
    </p>
   </div>
   <div class='ocr_carea' id='block_1_3' title="bbox 456 1470 865 1478">
    <p class='ocr_par' dir='ltr' id='par_1_4' title="bbox 456 1470 865 1478">
     <span class='ocr_line' id='line_1_10' title="bbox 456 1470 865 1478; baseline 0 0"><span class='ocrx_word' id='word_1_59' title='bbox 456 1470 865 1478; x_wconf 95' lang='lat' dir='ltr'> </span> 
     </span>
    </p>
   </div>
   <div class='ocr_carea' id='block_1_4' title="bbox 452 1550 2723 1793">
    <p class='ocr_par' dir='ltr' id='par_1_5' title="bbox 452 1550 2723 1793">
     <span class='ocr_line' id='line_1_11' title="bbox 664 1550 2479 1621; baseline -0.001 -18"><span class='ocrx_word' id='word_1_60' title='bbox 664 1554 743 1603; x_wconf 83' lang='grc'>43.</span> <span class='ocrx_word' id='word_1_61' title='bbox 818 1568 886 1606; x_wconf 85' lang='lat' dir='ltr'>ae</span> <span class='ocrx_word' id='word_1_62' title='bbox 922 1552 1063 1617; x_wconf 84' lang='lat' dir='ltr'>iura]</span> <span class='ocrx_word' id='word_1_63' title='bbox 1106 1558 1337 1607; x_wconf 78' lang='lat' dir='ltr'>acturae</span> <span class='ocrx_word' id='word_1_64' title='bbox 1376 1552 1495 1621; x_wconf 85' lang='lat' dir='ltr'>Ppr</span> <span class='ocrx_word' id='word_1_65' title='bbox 1530 1554 1726 1606; x_wconf 83' lang='lat' dir='ltr'>acture</span> <span class='ocrx_word' id='word_1_66' title='bbox 1762 1550 1953 1602; x_wconf 70' lang='lat' dir='ltr'>lmnma</span> <span class='ocrx_word' id='word_1_67' title='bbox 1990 1552 2034 1603; x_wconf 78' lang='lat' dir='ltr'><strong><em>S</em></strong></span> <span class='ocrx_word' id='word_1_68' title='bbox 2066 1557 2128 1606; x_wconf 92' lang='lat' dir='ltr'>at</span> <span class='ocrx_word' id='word_1_69' title='bbox 2161 1551 2283 1606; x_wconf 85' lang='lat' dir='ltr'>iure</span> <span class='ocrx_word' id='word_1_70' title='bbox 2319 1551 2479 1603; x_wconf 72' lang='lat' dir='ltr'>Jahn.</span> 
     </span>
     <span class='ocr_line' id='line_1_12' title="bbox 659 1634 2723 1706; baseline -0 -18"><span class='ocrx_word' id='word_1_71' title='bbox 659 1640 741 1689; x_wconf 87' lang='grc'>45.</span> <span class='ocrx_word' id='word_1_72' title='bbox 815 1635 1035 1692; x_wconf 77' lang='lat' dir='ltr'>faciunt</span> <span class='ocrx_word' id='word_1_73' title='bbox 1069 1637 1127 1691; x_wconf 89' lang='lat' dir='ltr'>hi</span> <span class='ocrx_word' id='word_1_74' title='bbox 1163 1638 1343 1706; x_wconf 83' lang='lat' dir='ltr'>plura]</span> <span class='ocrx_word' id='word_1_75' title='bbox 1386 1637 1569 1690; x_wconf 74' lang='lat' dir='ltr'>malim</span> <span class='ocrx_word' id='word_1_76' title='bbox 1603 1634 1821 1691; x_wconf 76' lang='lat' dir='ltr'>faciant</span> <span class='ocrx_word' id='word_1_77' title='bbox 1853 1638 2054 1704; x_wconf 84' lang='lat' dir='ltr'>peiora</span> <span class='ocrx_word' id='word_1_78' title='bbox 2080 1637 2389 1702; x_wconf 60' lang='lat' dir='ltr'>mechela-³,</span> <span class='ocrx_word' id='word_1_79' title='bbox 2429 1635 2564 1689; x_wconf 76' lang='lat' dir='ltr'>idem</span> <span class='ocrx_word' id='word_1_80' title='bbox 2592 1654 2723 1705; x_wconf 83' lang='lat' dir='ltr'>pro-</span> 
     </span>
     <span class='ocr_line' id='line_1_13' title="bbox 452 1724 1020 1793; baseline 0 -17"><span class='ocrx_word' id='word_1_81' title='bbox 452 1724 634 1793; x_wconf 68' lang='lat' dir='ltr'>posuit</span> <span class='ocrx_word' id='word_1_82' title='bbox 673 1724 1020 1778; x_wconf 77' lang='lat' dir='ltr'>Herwerden.</span> 
     </span>
    </p>
   </div>
   <div class='ocr_carea' id='block_1_5' title="bbox 460 1866 870 1874">
    <p class='ocr_par' dir='ltr' id='par_1_6' title="bbox 460 1866 870 1874">
     <span class='ocr_line' id='line_1_14' title="bbox 460 1866 870 1874; baseline 0 3201"><span class='ocrx_word' id='word_1_83' title='bbox 460 1866 870 1874; x_wconf 95' lang='lat' dir='ltr'> </span> 
     </span>
    </p>
   </div>
   <div class='ocr_carea' id='block_1_6' title="bbox 456 1945 2729 4437">
    <p class='ocr_par' dir='ltr' id='par_1_7' title="bbox 456 1945 2725 2275">
     <span class='ocr_line' id='line_1_15' title="bbox 457 1945 2725 2014; baseline -0.001 -13"><span class='ocrx_word' id='word_1_84' title='bbox 457 1948 684 2002; x_wconf 77' lang='grc' dir='ltr'>σεαυτόν.</span> <span class='ocrx_word' id='word_1_85' title='bbox 757 1948 874 2003; x_wconf 85' lang='lat' dir='ltr'>Cio.</span> <span class='ocrx_word' id='word_1_86' title='bbox 902 1947 997 2003; x_wconf 87' lang='lat' dir='ltr'>Ad</span> <span class='ocrx_word' id='word_1_87' title='bbox 1021 1947 1211 2013; x_wconf 81' lang='lat' dir='ltr'>Quint.</span> <span class='ocrx_word' id='word_1_88' title='bbox 1238 1947 1300 2002; x_wconf 85' lang='lat' dir='ltr'>fr.</span> <span class='ocrx_word' id='word_1_89' title='bbox 1330 1949 1356 2003; x_wconf 92' lang='lat'>1</span> <span class='ocrx_word' id='word_1_90' title='bbox 1390 1951 1430 2014; x_wconf 91' lang='grc'>1,</span> <span class='ocrx_word' id='word_1_91' title='bbox 1451 1950 1481 2000; x_wconf 88' lang='grc'><strong>2</strong></span> <span class='ocrx_word' id='word_1_92' title='bbox 1532 1947 1735 2003; x_wconf 82' lang='lat' dir='ltr'>Graeci</span> <span class='ocrx_word' id='word_1_93' title='bbox 1775 1977 1842 1985; x_wconf 90' lang='lat'><em>-</em></span> <span class='ocrx_word' id='word_1_94' title='bbox 1879 1952 1936 2001; x_wconf 90' lang='lat' dir='ltr'>te</span> <span class='ocrx_word' id='word_1_95' title='bbox 1971 1976 2039 1985; x_wconf 91' lang='lat'>-</span> <span class='ocrx_word' id='word_1_96' title='bbox 2076 1945 2146 1999; x_wconf 86' lang='lat' dir='ltr'>de</span> <span class='ocrx_word' id='word_1_97' title='bbox 2191 1945 2351 2000; x_wconf 86' lang='lat' dir='ltr'>eaelo</span> <span class='ocrx_word' id='word_1_98' title='bbox 2387 1976 2454 1984; x_wconf 89' lang='lat'>—</span> <span class='ocrx_word' id='word_1_99' title='bbox 2490 1961 2614 2001; x_wconf 87' lang='lat' dir='ltr'>esse</span> <span class='ocrx_word' id='word_1_100' title='bbox 2665 1946 2725 1999; x_wconf 91' lang='lat' dir='ltr'>in</span> 
     </span>
     <span class='ocr_line' id='line_1_16' title="bbox 456 2032 2724 2104; baseline -0.002 -15"><span class='ocrx_word' id='word_1_101' title='bbox 456 2035 810 2103; x_wconf 78' lang='lat' dir='ltr'>provinciam</span> <span class='ocrx_word' id='word_1_102' title='bbox 846 2033 1138 2104; x_wconf 86' lang='lat' dir='ltr'>delapsum</span> <span class='ocrx_word' id='word_1_103' title='bbox 1186 2041 1403 2103; x_wconf 85' lang='lat' dir='ltr'>putent.</span> <span class='ocrx_word' id='word_1_104' title='bbox 1490 2034 1597 2088; x_wconf 90' lang='lat' dir='ltr'>Pro</span> <span class='ocrx_word' id='word_1_105' title='bbox 1632 2032 1663 2086; x_wconf 88' lang='lat' dir='ltr'>l.</span> <span class='ocrx_word' id='word_1_106' title='bbox 1703 2033 1890 2087; x_wconf 81' lang='lat' dir='ltr'>Manil.</span> <span class='ocrx_word' id='word_1_107' title='bbox 1926 2035 2000 2095; x_wconf 88' lang='grc'>14,</span> <span class='ocrx_word' id='word_1_108' title='bbox 2027 2034 2086 2083; x_wconf 88' lang='grc'>41</span> <span class='ocrx_word' id='word_1_109' title='bbox 2131 2047 2323 2086; x_wconf 85' lang='lat' dir='ltr'>omnes</span> <span class='ocrx_word' id='word_1_110' title='bbox 2347 2063 2410 2070; x_wconf 84' lang='lat'>—-</span> <span class='ocrx_word' id='word_1_111' title='bbox 2438 2032 2536 2086; x_wconf 87' lang='lat' dir='ltr'>Cn.</span> <span class='ocrx_word' id='word_1_112' title='bbox 2563 2032 2724 2085; x_wconf 91' lang='lat' dir='ltr'>Pom-</span> 
     </span>
     <span class='ocr_line' id='line_1_17' title="bbox 456 2118 2724 2190; baseline -0.001 -15"><span class='ocrx_word' id='word_1_113' title='bbox 456 2120 664 2188; x_wconf 88' lang='lat' dir='ltr'>peium,</span> <span class='ocrx_word' id='word_1_114' title='bbox 701 2122 853 2176; x_wconf 87' lang='lat' dir='ltr'>sieut</span> <span class='ocrx_word' id='word_1_115' title='bbox 887 2120 1133 2190; x_wconf 82' lang='lat' dir='ltr'>aliquem</span> <span class='ocrx_word' id='word_1_116' title='bbox 1172 2136 1283 2175; x_wconf 88' lang='lat' dir='ltr'>non</span> <span class='ocrx_word' id='word_1_117' title='bbox 1322 2137 1393 2175; x_wconf 80' lang='lat' dir='ltr'>ex</span> <span class='ocrx_word' id='word_1_118' title='bbox 1428 2119 1533 2174; x_wconf 85' lang='lat' dir='ltr'>hae</span> <span class='ocrx_word' id='word_1_119' title='bbox 1571 2119 1709 2174; x_wconf 88' lang='lat' dir='ltr'>urhe</span> <span class='ocrx_word' id='word_1_120' title='bbox 1747 2120 1992 2183; x_wconf 73' lang='lat' dir='ltr'>missum,</span> <span class='ocrx_word' id='word_1_121' title='bbox 2019 2119 2119 2173; x_wconf 85' lang='lat' dir='ltr'>sed</span> <span class='ocrx_word' id='word_1_122' title='bbox 2145 2119 2216 2172; x_wconf 85' lang='lat' dir='ltr'>de</span> <span class='ocrx_word' id='word_1_123' title='bbox 2242 2118 2401 2174; x_wconf 83' lang='lat' dir='ltr'>eaelo</span> <span class='ocrx_word' id='word_1_124' title='bbox 2430 2118 2724 2187; x_wconf 88' lang='lat' dir='ltr'>delapsum</span> 
     </span>
     <span class='ocr_line' id='line_1_18' title="bbox 458 2204 1797 2275; baseline -0.004 -15"><span class='ocrx_word' id='word_1_125' title='bbox 458 2207 765 2262; x_wconf 85' lang='lat' dir='ltr'>intuentur.</span> <span class='ocrx_word' id='word_1_126' title='bbox 837 2206 992 2261; x_wconf 74' lang='lat' dir='ltr'>Mehr</span> <span class='ocrx_word' id='word_1_127' title='bbox 1028 2208 1120 2263; x_wconf 91' lang='lat' dir='ltr'>bei</span> <span class='ocrx_word' id='word_1_128' title='bbox 1158 2207 1290 2263; x_wconf 85' lang='lat' dir='ltr'>Otto</span> <span class='ocrx_word' id='word_1_129' title='bbox 1317 2208 1438 2275; x_wconf 87' lang='lat' dir='ltr'>Spr.</span> <span class='ocrx_word' id='word_1_130' title='bbox 1478 2204 1697 2261; x_wconf 87' lang='lat' dir='ltr'>eaelum</span> <span class='ocrx_word' id='word_1_131' title='bbox 1736 2207 1797 2269; x_wconf 86' lang='grc'>8).</span> 
     </span>
    </p>

    <p class='ocr_par' dir='ltr' id='par_1_8' title="bbox 456 2290 2723 2532">
     <span class='ocr_line' id='line_1_19' title="bbox 594 2290 2723 2362; baseline -0.002 -17"><span class='ocrx_word' id='word_1_132' title='bbox 594 2295 676 2345; x_wconf 87' lang='grc'>41.</span> <span class='ocrx_word' id='word_1_133' title='bbox 750 2293 1085 2362; x_wconf 65' lang='lat' dir='ltr'>opobalsama</span> <span class='ocrx_word' id='word_1_134' title='bbox 1133 2291 1561 2362; x_wconf 75' lang='lat' dir='ltr'>hauptsiiehlich</span> <span class='ocrx_word' id='word_1_135' title='bbox 1609 2308 1723 2347; x_wconf 84' lang='lat' dir='ltr'>von</span> <span class='ocrx_word' id='word_1_136' title='bbox 1772 2292 2040 2346; x_wconf 79' lang='lat' dir='ltr'>Miinuern</span> <span class='ocrx_word' id='word_1_137' title='bbox 2084 2290 2317 2346; x_wconf 83' lang='lat' dir='ltr'>benutzt</span> <span class='ocrx_word' id='word_1_138' title='bbox 2369 2290 2543 2354; x_wconf 83' lang='lat' dir='ltr'>(Mart.</span> <span class='ocrx_word' id='word_1_139' title='bbox 2581 2290 2665 2344; x_wconf 89' lang='lat' dir='ltr'>XI</span> <span class='ocrx_word' id='word_1_140' title='bbox 2693 2292 2723 2341; x_wconf 86' lang='lat'>8</span> 
     </span>
     <span class='ocr_line' id='line_1_20' title="bbox 456 2376 2722 2448; baseline -0.004 -14"><span class='ocrx_word' id='word_1_141' title='bbox 456 2395 509 2434; x_wconf 90' lang='lat' dir='ltr'>u.</span> <span class='ocrx_word' id='word_1_142' title='bbox 546 2379 688 2435; x_wconf 85' lang='lat' dir='ltr'>XIV</span> <span class='ocrx_word' id='word_1_143' title='bbox 713 2381 778 2430; x_wconf 85' lang='lat'>59</span> <span class='ocrx_word' id='word_1_144' title='bbox 814 2379 1075 2434; x_wconf 83' lang='lat' dir='ltr'>Balsama</span> <span class='ocrx_word' id='word_1_145' title='bbox 1120 2396 1208 2435; x_wconf 87' lang='lat' dir='ltr'>me</span> <span class='ocrx_word' id='word_1_146' title='bbox 1254 2380 1506 2448; x_wconf 75' lang='lat' dir='ltr'>capiunt,</span> <span class='ocrx_word' id='word_1_147' title='bbox 1550 2378 1692 2433; x_wconf 86' lang='lat' dir='ltr'>haee</span> <span class='ocrx_word' id='word_1_148' title='bbox 1739 2383 1872 2433; x_wconf 87' lang='lat' dir='ltr'>sunt</span> <span class='ocrx_word' id='word_1_149' title='bbox 1917 2381 2206 2447; x_wconf 89' lang='lat' dir='ltr'>unguenta</span> <span class='ocrx_word' id='word_1_150' title='bbox 2242 2377 2522 2441; x_wconf 85' lang='lat' dir='ltr'>virorum).</span> <span class='ocrx_word' id='word_1_151' title='bbox 2595 2376 2722 2445; x_wconf 89' lang='lat' dir='ltr'>Vgl.</span> 
     </span>
     <span class='ocr_line' id='line_1_21' title="bbox 457 2464 859 2532; baseline -0.012 -10"><span class='ocrx_word' id='word_1_152' title='bbox 457 2464 561 2522; x_wconf 88' lang='lat' dir='ltr'>SG.</span> <span class='ocrx_word' id='word_1_153' title='bbox 590 2465 679 2520; x_wconf 92' lang='lat'>111</span> <span class='ocrx_word' id='word_1_154' title='bbox 704 2468 786 2532; x_wconf 82' lang='grc'>66,</span> <span class='ocrx_word' id='word_1_155' title='bbox 813 2468 859 2517; x_wconf 83' lang='lat'>5.</span> 
     </span>
    </p>

    <p class='ocr_par' dir='ltr' id='par_1_9' title="bbox 458 2550 2727 2704">
     <span class='ocr_line' id='line_1_22' title="bbox 594 2550 2727 2619; baseline -0 -15"><span class='ocrx_word' id='word_1_156' title='bbox 594 2555 676 2605; x_wconf 84' lang='grc'>42.</span> <span class='ocrx_word' id='word_1_157' title='bbox 749 2552 1020 2606; x_wconf 76' lang='lat' dir='ltr'>dominum</span> <span class='ocrx_word' id='word_1_158' title='bbox 1042 2584 1109 2592; x_wconf 94' lang='lat'><strong>—</strong></span> <span class='ocrx_word' id='word_1_159' title='bbox 1136 2553 1397 2606; x_wconf 77' lang='lat' dir='ltr'>tabernae.</span> <span class='ocrx_word' id='word_1_160' title='bbox 1458 2553 1615 2608; x_wconf 75' lang='lat' dir='ltr'>Mart.</span> <span class='ocrx_word' id='word_1_161' title='bbox 1645 2554 1672 2607; x_wconf 90' lang='grc' dir='ltr'>Ι</span> <span class='ocrx_word' id='word_1_162' title='bbox 1707 2555 1816 2619; x_wconf 91' lang='grc'><strong>117,</strong></span> <span class='ocrx_word' id='word_1_163' title='bbox 1845 2555 1902 2603; x_wconf 85' lang='grc'>14</span> <span class='ocrx_word' id='word_1_164' title='bbox 1930 2552 2038 2606; x_wconf 88' lang='lat' dir='ltr'>hoe</span> <span class='ocrx_word' id='word_1_165' title='bbox 2062 2567 2265 2606; x_wconf 90' lang='lat' dir='ltr'>nomen</span> <span class='ocrx_word' id='word_1_166' title='bbox 2291 2550 2553 2605; x_wconf 89' lang='lat' dir='ltr'>dominus</span> <span class='ocrx_word' id='word_1_167' title='bbox 2577 2551 2727 2618; x_wconf 89' lang='lat' dir='ltr'>gerit</span> 
     </span>
     <span class='ocr_line' id='line_1_23' title="bbox 458 2639 1366 2704; baseline -0.006 -9"><span class='ocrx_word' id='word_1_168' title='bbox 458 2640 727 2696; x_wconf 84' lang='lat' dir='ltr'>tabernae</span> <span class='ocrx_word' id='word_1_169' title='bbox 765 2641 943 2704; x_wconf 88' lang='lat' dir='ltr'>(eines</span> <span class='ocrx_word' id='word_1_170' title='bbox 978 2639 1366 2704; x_wconf 88' lang='lat' dir='ltr'>Buehladens).</span> 
     </span>
    </p>

    <p class='ocr_par' dir='ltr' id='par_1_10' title="bbox 458 2722 2724 2882">
     <span class='ocr_line' id='line_1_24' title="bbox 594 2722 2724 2786; baseline -0 -9"><span class='ocrx_word' id='word_1_171' title='bbox 594 2727 676 2777; x_wconf 90' lang='grc'>43.</span> <span class='ocrx_word' id='word_1_172' title='bbox 748 2731 1035 2778; x_wconf 71' lang='lat' dir='ltr'>vexantur:</span> <span class='ocrx_word' id='word_1_173' title='bbox 1078 2741 1239 2781; x_wconf 82' lang='lat' dir='ltr'>wenn</span> <span class='ocrx_word' id='word_1_174' title='bbox 1276 2743 1403 2782; x_wconf 86' lang='lat' dir='ltr'>man</span> <span class='ocrx_word' id='word_1_175' title='bbox 1441 2727 1535 2782; x_wconf 85' lang='lat' dir='ltr'>die</span> <span class='ocrx_word' id='word_1_176' title='bbox 1561 2725 1800 2781; x_wconf 81' lang='lat' dir='ltr'>Gesetze</span> <span class='ocrx_word' id='word_1_177' title='bbox 1825 2741 1928 2780; x_wconf 85' lang='lat' dir='ltr'>aus</span> <span class='ocrx_word' id='word_1_178' title='bbox 1955 2723 2128 2779; x_wconf 91' lang='lat' dir='ltr'>ihrem</span> <span class='ocrx_word' id='word_1_179' title='bbox 2155 2722 2497 2778; x_wconf 82' lang='lat' dir='ltr'>Schlummer</span> <span class='ocrx_word' id='word_1_180' title='bbox 2523 2722 2724 2786; x_wconf 76' lang='lat' dir='ltr'>weekt,</span> 
     </span>
     <span class='ocr_line' id='line_1_25' title="bbox 458 2811 1409 2882; baseline -0.003 -15"><span class='ocrx_word' id='word_1_181' title='bbox 458 2811 570 2882; x_wconf 84' lang='lat' dir='ltr'>vgl.</span> <span class='ocrx_word' id='word_1_182' title='bbox 608 2812 820 2868; x_wconf 82' lang='lat' dir='ltr'>dormis</span> <span class='ocrx_word' id='word_1_183' title='bbox 856 2814 920 2863; x_wconf 89' lang='grc'>37</span> <span class='ocrx_word' id='word_1_184' title='bbox 958 2812 1075 2866; x_wconf 90' lang='lat' dir='ltr'>und</span> <span class='ocrx_word' id='word_1_185' title='bbox 1112 2829 1181 2867; x_wconf 86' lang='lat' dir='ltr'>zu</span> <span class='ocrx_word' id='word_1_186' title='bbox 1223 2815 1266 2878; x_wconf 90' lang='lat'>1,</span> <span class='ocrx_word' id='word_1_187' title='bbox 1299 2815 1409 2865; x_wconf 80' lang='grc'><strong>126.</strong></span> 
     </span>
    </p>

    <p class='ocr_par' dir='ltr' id='par_1_11' title="bbox 595 2898 1253 2968">
     <span class='ocr_line' id='line_1_26' title="bbox 595 2898 1253 2968; baseline -0.006 -17"><span class='ocrx_word' id='word_1_188' title='bbox 595 2900 730 2968; x_wconf 71' lang='lat' dir='ltr'>layo-5</span> <span class='ocrx_word' id='word_1_189' title='bbox 765 2917 829 2951; x_wconf 84' lang='lat' dir='ltr'>ac</span> <span class='ocrx_word' id='word_1_190' title='bbox 865 2898 989 2950; x_wconf 81' lang='lat' dir='ltr'>iura</span> <span class='ocrx_word' id='word_1_191' title='bbox 1027 2899 1133 2953; x_wconf 81' lang='lat' dir='ltr'>wie</span> <span class='ocrx_word' id='word_1_192' title='bbox 1173 2900 1253 2948; x_wconf 86' lang='lat'>72.</span> 
     </span>
    </p>

    <p class='ocr_par' dir='ltr' id='par_1_12' title="bbox 458 2980 2729 3312">
     <span class='ocr_line' id='line_1_27' title="bbox 599 2980 2729 3050; baseline -0.001 -13"><span class='ocrx_word' id='word_1_193' title='bbox 599 2983 891 3037; x_wconf 76' lang='lat' dir='ltr'>Scantinia.</span> <span class='ocrx_word' id='word_1_194' title='bbox 965 2985 1075 3040; x_wconf 90' lang='lat' dir='ltr'>Die</span> <span class='ocrx_word' id='word_1_195' title='bbox 1110 2984 1203 3040; x_wconf 83' lang='lat' dir='ltr'>lex</span> <span class='ocrx_word' id='word_1_196' title='bbox 1240 2984 1535 3040; x_wconf 79' lang='lat' dir='ltr'>Scantinia</span> <span class='ocrx_word' id='word_1_197' title='bbox 1573 2985 1727 3049; x_wconf 81' lang='lat' dir='ltr'>(oder</span> <span class='ocrx_word' id='word_1_198' title='bbox 1764 2983 2032 3046; x_wconf 79' lang='lat' dir='ltr'>Scatinia)</span> <span class='ocrx_word' id='word_1_199' title='bbox 2074 2999 2174 3037; x_wconf 89' lang='lat' dir='ltr'>aus</span> <span class='ocrx_word' id='word_1_200' title='bbox 2219 2981 2566 3050; x_wconf 86' lang='lat' dir='ltr'>ungewisser</span> <span class='ocrx_word' id='word_1_201' title='bbox 2604 2980 2729 3035; x_wconf 90' lang='lat' dir='ltr'>Zeit</span> 
     </span>
     <span class='ocr_line' id='line_1_28' title="bbox 458 3064 2725 3148; baseline -0.004 -23"><span class='ocrx_word' id='word_1_202' title='bbox 458 3071 683 3141; x_wconf 88' lang='lat' dir='ltr'>belegte</span> <span class='ocrx_word' id='word_1_203' title='bbox 720 3072 823 3125; x_wconf 87' lang='lat' dir='ltr'>das</span> <span class='ocrx_word' id='word_1_204' title='bbox 858 3076 1113 3140; x_wconf 86' lang='lat' dir='ltr'>stuprum</span> <span class='ocrx_word' id='word_1_205' title='bbox 1150 3086 1275 3126; x_wconf 89' lang='lat' dir='ltr'>eum</span> <span class='ocrx_word' id='word_1_206' title='bbox 1314 3071 1564 3127; x_wconf 88' lang='lat' dir='ltr'>maseulo</span> <span class='ocrx_word' id='word_1_207' title='bbox 1592 3072 1704 3148; x_wconf 24' lang='lat' dir='ltr'>‘mit</span> <span class='ocrx_word' id='word_1_208' title='bbox 1740 3069 1895 3124; x_wconf 87' lang='lat' dir='ltr'>einer</span> <span class='ocrx_word' id='word_1_209' title='bbox 1933 3066 2250 3124; x_wconf 84' lang='lat' dir='ltr'>Geldstrafe</span> <span class='ocrx_word' id='word_1_210' title='bbox 2289 3067 2487 3128; x_wconf 86' lang='lat' dir='ltr'>(StRE.</span> <span class='ocrx_word' id='word_1_211' title='bbox 2516 3064 2599 3120; x_wconf 90' lang='lat' dir='ltr'>IV</span> <span class='ocrx_word' id='word_1_212' title='bbox 2625 3067 2725 3117; x_wconf 82' lang='grc'>998</span> 
     </span>
     <span class='ocr_line' id='line_1_29' title="bbox 460 3152 2725 3226; baseline -0.003 -15"><span class='ocrx_word' id='word_1_213' title='bbox 460 3157 576 3212; x_wconf 88' lang='lat' dir='ltr'>und</span> <span class='ocrx_word' id='word_1_214' title='bbox 611 3157 696 3212; x_wconf 87' lang='lat' dir='ltr'>VI</span> <span class='ocrx_word' id='word_1_215' title='bbox 725 3159 855 3209; x_wconf 79' lang='lat'>1466</span> <span class='ocrx_word' id='word_1_216' title='bbox 893 3161 1178 3226; x_wconf 85' lang='lat' dir='ltr'>stuprum).</span> <span class='ocrx_word' id='word_1_217' title='bbox 1252 3157 1405 3212; x_wconf 86' lang='lat' dir='ltr'>Suet.</span> <span class='ocrx_word' id='word_1_218' title='bbox 1432 3156 1642 3211; x_wconf 91' lang='lat' dir='ltr'>Domit.</span> <span class='ocrx_word' id='word_1_219' title='bbox 1682 3173 1728 3210; x_wconf 84' lang='lat' dir='ltr'>e.</span> <span class='ocrx_word' id='word_1_220' title='bbox 1757 3157 1787 3205; x_wconf 76' lang='lat'>8</span> <span class='ocrx_word' id='word_1_221' title='bbox 1828 3155 2102 3224; x_wconf 87' lang='lat' dir='ltr'>quosdam</span> <span class='ocrx_word' id='word_1_222' title='bbox 2140 3171 2211 3209; x_wconf 78' lang='lat' dir='ltr'>ex</span> <span class='ocrx_word' id='word_1_223' title='bbox 2247 3158 2488 3222; x_wconf 83' lang='lat' dir='ltr'>utroque</span> <span class='ocrx_word' id='word_1_224' title='bbox 2527 3152 2725 3206; x_wconf 89' lang='lat' dir='ltr'>ordine</span> 
     </span>
     <span class='ocr_line' id='line_1_30' title="bbox 459 3243 1368 3312; baseline -0.003 -14"><span class='ocrx_word' id='word_1_225' title='bbox 459 3243 586 3312; x_wconf 85' lang='lat' dir='ltr'>lege</span> <span class='ocrx_word' id='word_1_226' title='bbox 623 3243 920 3300; x_wconf 72' lang='lat' dir='ltr'>Scantinia</span> <span class='ocrx_word' id='word_1_227' title='bbox 953 3244 1368 3300; x_wconf 76' lang='lat' dir='ltr'>condemnavit.</span> 
     </span>
    </p>

    <p class='ocr_par' dir='ltr' id='par_1_13' title="bbox 460 3325 2726 3657">
     <span class='ocr_line' id='line_1_31' title="bbox 597 3325 2725 3400; baseline -0.001 -19"><span class='ocrx_word' id='word_1_228' title='bbox 597 3333 679 3382; x_wconf 84' lang='grc'>45.</span> <span class='ocrx_word' id='word_1_229' title='bbox 753 3330 847 3382; x_wconf 74' lang='lat' dir='ltr'>sed</span> <span class='ocrx_word' id='word_1_230' title='bbox 876 3362 945 3370; x_wconf 92' lang='lat'>—-</span> <span class='ocrx_word' id='word_1_231' title='bbox 971 3332 1278 3400; x_wconf 70' lang='lat' dir='ltr'>phalanqes.</span> <span class='ocrx_word' id='word_1_232' title='bbox 1364 3330 1547 3386; x_wconf 91' lang='lat' dir='ltr'>Ueber</span> <span class='ocrx_word' id='word_1_233' title='bbox 1597 3331 1692 3385; x_wconf 88' lang='lat' dir='ltr'>die</span> <span class='ocrx_word' id='word_1_234' title='bbox 1738 3327 2200 3396; x_wconf 82' lang='lat' dir='ltr'>Unterbreehung</span> <span class='ocrx_word' id='word_1_235' title='bbox 2249 3327 2348 3382; x_wconf 87' lang='lat' dir='ltr'>des</span> <span class='ocrx_word' id='word_1_236' title='bbox 2390 3325 2725 3382; x_wconf 84' lang='lat' dir='ltr'>Gedanken-</span> 
     </span>
     <span class='ocr_line' id='line_1_32' title="bbox 460 3410 2726 3486; baseline -0.003 -14"><span class='ocrx_word' id='word_1_237' title='bbox 460 3432 673 3486; x_wconf 80' lang='lat' dir='ltr'>ganges</span> <span class='ocrx_word' id='word_1_238' title='bbox 709 3416 884 3471; x_wconf 86' lang='lat' dir='ltr'>duroh</span> <span class='ocrx_word' id='word_1_239' title='bbox 934 3417 1092 3473; x_wconf 85' lang='lat' dir='ltr'>diese</span> <span class='ocrx_word' id='word_1_240' title='bbox 1128 3416 1467 3472; x_wconf 86' lang='lat' dir='ltr'>Parenthese</span> <span class='ocrx_word' id='word_1_241' title='bbox 1515 3415 1659 3470; x_wconf 86' lang='lat' dir='ltr'>Einl.</span> <span class='ocrx_word' id='word_1_242' title='bbox 1701 3417 1754 3472; x_wconf 84' lang='lat' dir='ltr'>S.</span> <span class='ocrx_word' id='word_1_243' title='bbox 1781 3419 1862 3467; x_wconf 82' lang='grc'>49.</span> <span class='ocrx_word' id='word_1_244' title='bbox 1935 3413 2121 3469; x_wconf 90' lang='lat' dir='ltr'>Ueber</span> <span class='ocrx_word' id='word_1_245' title='bbox 2170 3412 2288 3467; x_wconf 89' lang='lat' dir='ltr'>ihre</span> <span class='ocrx_word' id='word_1_246' title='bbox 2334 3410 2726 3481; x_wconf 78' lang='lat' dir='ltr'>Aukniipfung</span> 
     </span>
     <span class='ocr_line' id='line_1_33' title="bbox 460 3497 2726 3571; baseline -0.002 -15"><span class='ocrx_word' id='word_1_247' title='bbox 460 3503 567 3557; x_wconf 87' lang='lat' dir='ltr'>mit</span> <span class='ocrx_word' id='word_1_248' title='bbox 588 3504 706 3568; x_wconf 86' lang='lat' dir='ltr'>sed,</span> <span class='ocrx_word' id='word_1_249' title='bbox 732 3503 841 3558; x_wconf 82' lang='lat' dir='ltr'>wie</span> <span class='ocrx_word' id='word_1_250' title='bbox 867 3502 1010 3558; x_wconf 82' lang='lat' dir='ltr'>auch</span> <span class='ocrx_word' id='word_1_251' title='bbox 1048 3507 1096 3571; x_wconf 86' lang='lat'>3,</span> <span class='ocrx_word' id='word_1_252' title='bbox 1124 3506 1252 3569; x_wconf 79' lang='lat'>2323</span> <span class='ocrx_word' id='word_1_253' title='bbox 1290 3507 1337 3570; x_wconf 87' lang='grc'>4,</span> <span class='ocrx_word' id='word_1_254' title='bbox 1365 3506 1455 3568; x_wconf 82' lang='lat'>273</span> <span class='ocrx_word' id='word_1_255' title='bbox 1494 3507 1541 3571; x_wconf 80' lang='lat'>8,</span> <span class='ocrx_word' id='word_1_256' title='bbox 1566 3505 1660 3568; x_wconf 75' lang='lat'>943</span> <span class='ocrx_word' id='word_1_257' title='bbox 1705 3504 1781 3568; x_wconf 84' lang='grc'>14,</span> <span class='ocrx_word' id='word_1_258' title='bbox 1817 3503 1904 3553; x_wconf 89' lang='grc'>117</span> <span class='ocrx_word' id='word_1_259' title='bbox 1933 3501 2054 3566; x_wconf 86' lang='lat' dir='ltr'>(mit</span> <span class='ocrx_word' id='word_1_260' title='bbox 2079 3504 2264 3554; x_wconf 88' lang='lat' dir='ltr'>autem</span> <span class='ocrx_word' id='word_1_261' title='bbox 2291 3501 2339 3564; x_wconf 77' lang='lat'>8,</span> <span class='ocrx_word' id='word_1_262' title='bbox 2375 3501 2484 3563; x_wconf 81' lang='grc'><strong>119)</strong></span> <span class='ocrx_word' id='word_1_263' title='bbox 2523 3497 2726 3553; x_wconf 83' lang='lat' dir='ltr'>Schulz</span> 
     </span>
     <span class='ocr_line' id='line_1_34' title="bbox 460 3591 831 3657; baseline -0.003 -16"><span class='ocrx_word' id='word_1_264' title='bbox 460 3605 514 3657; x_wconf 87' lang='lat' dir='ltr'>p.</span> <span class='ocrx_word' id='word_1_265' title='bbox 546 3591 831 3642; x_wconf 82' lang='lat'><strong>183—186.</strong></span> 
     </span>
    </p>

    <p class='ocr_par' dir='ltr' id='par_1_14' title="bbox 461 3671 2727 4178">
     <span class='ocr_line' id='line_1_35' title="bbox 599 3671 2725 3746; baseline -0 -19"><span class='ocrx_word' id='word_1_266' title='bbox 599 3675 912 3744; x_wconf 69' lang='lat' dir='ltr'>iunctaeque</span> <span class='ocrx_word' id='word_1_267' title='bbox 948 3677 1166 3729; x_wconf 80' lang='lat' dir='ltr'>umbone</span> <span class='ocrx_word' id='word_1_268' title='bbox 1194 3678 1500 3746; x_wconf 67' lang='lat' dir='ltr'>phalanyee.</span> <span class='ocrx_word' id='word_1_269' title='bbox 1557 3675 1667 3729; x_wconf 80' lang='lat' dir='ltr'>Die</span> <span class='ocrx_word' id='word_1_270' title='bbox 1700 3673 1872 3728; x_wconf 83' lang='lat' dir='ltr'>durch</span> <span class='ocrx_word' id='word_1_271' title='bbox 1898 3673 1991 3729; x_wconf 79' lang='lat' dir='ltr'>die</span> <span class='ocrx_word' id='word_1_272' title='bbox 2015 3671 2456 3741; x_wconf 82' lang='lat' dir='ltr'>vorgehaltenen</span> <span class='ocrx_word' id='word_1_273' title='bbox 2481 3671 2725 3736; x_wconf 69' lang='lat' dir='ltr'>Sabinis,</span> 
     </span>
     <span class='ocr_line' id='line_1_36' title="bbox 462 3757 2726 3832; baseline -0.004 -15"><span class='ocrx_word' id='word_1_274' title='bbox 462 3763 557 3817; x_wconf 87' lang='lat' dir='ltr'>die</span> <span class='ocrx_word' id='word_1_275' title='bbox 602 3778 666 3817; x_wconf 90' lang='lat' dir='ltr'>so</span> <span class='ocrx_word' id='word_1_276' title='bbox 712 3763 1311 3832; x_wconf 76' lang='lat' dir='ltr'>zusammengedriingt</span> <span class='ocrx_word' id='word_1_277' title='bbox 1352 3762 1508 3828; x_wconf 88' lang='lat' dir='ltr'>sind,</span> <span class='ocrx_word' id='word_1_278' title='bbox 1563 3761 1694 3817; x_wconf 81' lang='lat' dir='ltr'>dass</span> <span class='ocrx_word' id='word_1_279' title='bbox 1747 3760 1832 3816; x_wconf 87' lang='lat' dir='ltr'>sie</span> <span class='ocrx_word' id='word_1_280' title='bbox 1887 3760 2053 3816; x_wconf 88' lang='lat' dir='ltr'>einen</span> <span class='ocrx_word' id='word_1_281' title='bbox 2107 3759 2367 3827; x_wconf 85' lang='lat' dir='ltr'>einzigen</span> <span class='ocrx_word' id='word_1_282' title='bbox 2415 3774 2484 3811; x_wconf 84' lang='lat' dir='ltr'>zu</span> <span class='ocrx_word' id='word_1_283' title='bbox 2530 3757 2726 3812; x_wconf 85' lang='lat' dir='ltr'>bilden</span> 
     </span>
     <span class='ocr_line' id='line_1_37' title="bbox 461 3843 2725 3916; baseline -0.003 -12"><span class='ocrx_word' id='word_1_284' title='bbox 461 3848 746 3916; x_wconf 68' lang='lat' dir='ltr'>schemen,</span> <span class='ocrx_word' id='word_1_285' title='bbox 783 3848 1183 3905; x_wconf 87' lang='lat' dir='ltr'>verbundenen</span> <span class='ocrx_word' id='word_1_286' title='bbox 1220 3849 1517 3905; x_wconf 82' lang='lat' dir='ltr'>Sehaaren.</span> <span class='ocrx_word' id='word_1_287' title='bbox 1598 3847 1839 3902; x_wconf 86' lang='lat' dir='ltr'>Teuffel:</span> <span class='ocrx_word' id='word_1_288' title='bbox 1893 3843 2003 3901; x_wconf 82' lang='lat' dir='ltr'>‘die</span> <span class='ocrx_word' id='word_1_289' title='bbox 2042 3844 2234 3900; x_wconf 85' lang='lat' dir='ltr'>Sebild</span> <span class='ocrx_word' id='word_1_290' title='bbox 2281 3861 2352 3897; x_wconf 84' lang='lat' dir='ltr'>au</span> <span class='ocrx_word' id='word_1_291' title='bbox 2389 3843 2585 3898; x_wconf 87' lang='lat' dir='ltr'>Sehild</span> <span class='ocrx_word' id='word_1_292' title='bbox 2629 3857 2725 3911; x_wconf 85' lang='lat' dir='ltr'>ge-</span> 
     </span>
     <span class='ocr_line' id='line_1_38' title="bbox 462 3930 2725 4004; baseline -0.004 -14"><span class='ocrx_word' id='word_1_293' title='bbox 462 3935 791 3991; x_wconf 87' lang='lat' dir='ltr'>sehlossnen</span> <span class='ocrx_word' id='word_1_294' title='bbox 825 3932 1179 4004; x_wconf 87' lang='lat' dir='ltr'>Phalangen&#39;.</span> <span class='ocrx_word' id='word_1_295' title='bbox 1251 3937 1459 3990; x_wconf 85' lang='lat' dir='ltr'>Luean.</span> <span class='ocrx_word' id='word_1_296' title='bbox 1490 3935 1701 3988; x_wconf 78' lang='lat'>111474</span> <span class='ocrx_word' id='word_1_297' title='bbox 1745 3943 1810 3988; x_wconf 90' lang='lat' dir='ltr'>ut</span> <span class='ocrx_word' id='word_1_298' title='bbox 1845 3938 2031 3988; x_wconf 84' lang='lat' dir='ltr'>tamen</span> <span class='ocrx_word' id='word_1_299' title='bbox 2067 3931 2303 3987; x_wconf 84' lang='lat' dir='ltr'>hostiles</span> <span class='ocrx_word' id='word_1_300' title='bbox 2339 3930 2515 3984; x_wconf 86' lang='lat' dir='ltr'>densa</span> <span class='ocrx_word' id='word_1_301' title='bbox 2551 3934 2725 3984; x_wconf 87' lang='lat' dir='ltr'>testu-</span> 
     </span>
     <span class='ocr_line' id='line_1_39' title="bbox 463 4013 2727 4088; baseline -0.003 -13"><span class='ocrx_word' id='word_1_302' title='bbox 463 4021 594 4076; x_wconf 89' lang='lat' dir='ltr'>dine</span> <span class='ocrx_word' id='word_1_303' title='bbox 631 4037 821 4076; x_wconf 83' lang='lat' dir='ltr'>muros</span> <span class='ocrx_word' id='word_1_304' title='bbox 855 4020 1034 4076; x_wconf 75' lang='lat' dir='ltr'>Tecta</span> <span class='ocrx_word' id='word_1_305' title='bbox 1067 4022 1223 4077; x_wconf 86' lang='lat' dir='ltr'>subit</span> <span class='ocrx_word' id='word_1_306' title='bbox 1257 4022 1439 4077; x_wconf 84' lang='lat' dir='ltr'>virtus</span> <span class='ocrx_word' id='word_1_307' title='bbox 1483 4021 1765 4088; x_wconf 88' lang='lat' dir='ltr'>armisque</span> <span class='ocrx_word' id='word_1_308' title='bbox 1815 4020 2023 4073; x_wconf 81' lang='lat' dir='ltr'>innexa</span> <span class='ocrx_word' id='word_1_309' title='bbox 2069 4017 2286 4085; x_wconf 87' lang='lat' dir='ltr'>priores</span> <span class='ocrx_word' id='word_1_310' title='bbox 2321 4014 2496 4071; x_wconf 86' lang='lat' dir='ltr'>Arma</span> <span class='ocrx_word' id='word_1_311' title='bbox 2541 4013 2727 4070; x_wconf 86' lang='lat' dir='ltr'>ferunt</span> 
     </span>
     <span class='ocr_line' id='line_1_40' title="bbox 462 4108 1734 4178; baseline -0.004 -15"><span class='ocrx_word' id='word_1_312' title='bbox 462 4108 794 4178; x_wconf 79' lang='lat' dir='ltr'>galeamque</span> <span class='ocrx_word' id='word_1_313' title='bbox 832 4112 1097 4164; x_wconf 86' lang='lat' dir='ltr'>extensus</span> <span class='ocrx_word' id='word_1_314' title='bbox 1134 4108 1385 4177; x_wconf 83' lang='lat' dir='ltr'>protegit</span> <span class='ocrx_word' id='word_1_315' title='bbox 1420 4108 1589 4163; x_wconf 88' lang='lat' dir='ltr'>umbo</span> <span class='ocrx_word' id='word_1_316' title='bbox 1627 4111 1734 4162; x_wconf 84' lang='lat' dir='ltr'>etc.</span> 
     </span>
    </p>

    <p class='ocr_par' dir='ltr' id='par_1_15' title="bbox 465 4188 2726 4437">
     <span class='ocr_line' id='line_1_41' title="bbox 599 4188 2726 4263; baseline -0.001 -17"><span class='ocrx_word' id='word_1_317' title='bbox 599 4197 680 4246; x_wconf 90' lang='grc'>47.</span> <span class='ocrx_word' id='word_1_318' title='bbox 752 4196 934 4248; x_wconf 72' lang='lat' dir='ltr'>molle-s</span> <span class='ocrx_word' id='word_1_319' title='bbox 968 4195 1077 4249; x_wconf 84' lang='lat' dir='ltr'>wie</span> <span class='ocrx_word' id='word_1_320' title='bbox 1113 4193 1198 4249; x_wconf 84' lang='lat' dir='ltr'>oft</span> <span class='ocrx_word' id='word_1_321' title='bbox 1221 4193 1489 4263; x_wconf 83' lang='lat' dir='ltr'>(Georges</span> <span class='ocrx_word' id='word_1_322' title='bbox 1515 4195 1571 4248; x_wconf 89' lang='grc' dir='ltr'>ΙΙ</span> <span class='ocrx_word' id='word_1_323' title='bbox 1601 4197 1646 4256; x_wconf 84' lang='lat'>2)</span> <span class='ocrx_word' id='word_1_324' title='bbox 1674 4193 1856 4248; x_wconf 85' lang='lat' dir='ltr'>soviel</span> <span class='ocrx_word' id='word_1_325' title='bbox 1882 4191 1965 4246; x_wconf 88' lang='lat' dir='ltr'>als</span> <span class='ocrx_word' id='word_1_326' title='bbox 1991 4189 2232 4260; x_wconf 85' lang='lat' dir='ltr'>pathiei;</span> <span class='ocrx_word' id='word_1_327' title='bbox 2270 4188 2478 4244; x_wconf 90' lang='lat' dir='ltr'>ebenso</span> <span class='ocrx_word' id='word_1_328' title='bbox 2505 4188 2726 4244; x_wconf 89' lang='lat' dir='ltr'>mollior</span> 
     </span>
     <span class='ocr_line' id='line_1_42' title="bbox 468 4273 2721 4349; baseline -0.003 -16"><span class='ocrx_word' id='word_1_329' title='bbox 468 4283 589 4346; x_wconf 83' lang='lat'>165;</span> <span class='ocrx_word' id='word_1_330' title='bbox 638 4283 686 4348; x_wconf 85' lang='lat'>9,</span> <span class='ocrx_word' id='word_1_331' title='bbox 713 4283 778 4332; x_wconf 79' lang='lat'>38</span> <span class='ocrx_word' id='word_1_332' title='bbox 824 4280 1011 4336; x_wconf 91' lang='lat' dir='ltr'>mollis</span> <span class='ocrx_word' id='word_1_333' title='bbox 1054 4296 1284 4347; x_wconf 83' lang='lat' dir='ltr'>avarus3</span> <span class='ocrx_word' id='word_1_334' title='bbox 1331 4280 1441 4349; x_wconf 84' lang='lat' dir='ltr'>vgl.</span> <span class='ocrx_word' id='word_1_335' title='bbox 1479 4283 1525 4346; x_wconf 82' lang='lat'>8,</span> <span class='ocrx_word' id='word_1_336' title='bbox 1558 4282 1618 4331; x_wconf 84' lang='lat'>15</span> <span class='ocrx_word' id='word_1_337' title='bbox 1670 4278 1893 4334; x_wconf 89' lang='lat' dir='ltr'>mollior</span> <span class='ocrx_word' id='word_1_338' title='bbox 1939 4293 2101 4347; x_wconf 84' lang='lat' dir='ltr'>agna.</span> <span class='ocrx_word' id='word_1_339' title='bbox 2175 4277 2401 4332; x_wconf 87' lang='lat' dir='ltr'>Ebenso</span> <span class='ocrx_word' id='word_1_340' title='bbox 2447 4273 2721 4345; x_wconf 68' lang='grc' dir='ltr'><strong>μαλθακοί,</strong></span> 
     </span>
     <span class='ocr_line' id='line_1_43' title="bbox 465 4365 1702 4437; baseline -0.003 -17"><span class='ocrx_word' id='word_1_341' title='bbox 465 4366 686 4437; x_wconf 73' lang='grc' dir='ltr'><strong>μαλακοί</strong></span> <span class='ocrx_word' id='word_1_342' title='bbox 722 4366 951 4424; x_wconf 85' lang='lat' dir='ltr'>Lobeek</span> <span class='ocrx_word' id='word_1_343' title='bbox 987 4365 1359 4436; x_wconf 86' lang='lat' dir='ltr'>Aglaopham.</span> <span class='ocrx_word' id='word_1_344' title='bbox 1397 4383 1449 4435; x_wconf 89' lang='lat' dir='ltr'>p.</span> <span class='ocrx_word' id='word_1_345' title='bbox 1481 4368 1629 4433; x_wconf 70' lang='lat'>1008,</span> <span class='ocrx_word' id='word_1_346' title='bbox 1660 4368 1702 4416; x_wconf 89' lang='lat'>1.</span> 
     </span>
    </p>
   </div>
  </div>
 </body>
</html>
