3334 5075
1051 370 1221 427 Liber
1257 371 1556 429 secundus.
1630 372 1837 428 Satura
1871 370 1972 428 VI.
2520 378 2644 441 353

546 543 690 626 quis
732 541 976 607 mensis
1020 540 1296 626 damnis,
1345 565 1512 628 quae
1558 543 1793 611 dentur
1836 554 2129 631 tempora
2172 548 2393 612 luero:

544 653 724 721 illius
769 673 1075 722 occursus
1122 656 1318 724 etiam
1362 658 1572 725 vitare
1617 665 1960 743 memento,

543 768 611 833 in
656 767 839 833 cuius
883 767 1185 836 manibus
1230 789 1349 836 ceu
1393 769 1670 856 pinguia
1719 774 1952 839 sucina
1994 773 2179 840 tritas

547 881 760 946 cernis
807 879 1279 967 ephemeridas,
1329 903 1497 967 quae
1544 885 1792 951 nullum
1838 885 2117 953 consulit
2163 893 2228 953 et
2270 886 2402 953 iam

379 1000 501 1056 575
549 993 924 1075 consulitur,
973 1013 1142 1077 quae
1187 1002 1402 1062 castra
1446 996 1585 1063 viro
1630 999 2039 1082 patriamque
2084 1005 2348 1084 petente

546 1125 678 1171 non
721 1106 842 1172 ibit
883 1108 1131 1191 pariter
1176 1110 1463 1176 numeris
1506 1117 1816 1176 revocata
1861 1109 2214 1196 Thrasylli.

548 1218 633 1285 ad
679 1218 956 1302 primum
1003 1218 1293 1304 lapidem
1339 1223 1585 1288 vectari
1632 1241 1778 1289 cum
1822 1224 2057 1307 placet,
2104 1222 2266 1289 hora

547 1332 820 1398 sumitur
866 1349 948 1396 ex
992 1331 1190 1412 libro;
1238 1335 1295 1400 si
1338 1335 1549 1420 prurit
1593 1334 1821 1401 frictus
1869 1334 2057 1401 ocelli

583 1514 698 1565 571.
771 1513 900 1583 quis
938 1514 992 1569 P
1033 1513 1128 1568 sod
1159 1530 1188 1570 s
1231 1531 1385 1569 erasa
1431 1515 1530 1585 qui
1566 1515 1718 1570 Jahn
1750 1516 2041 1571 Bilcholer²
2082 1517 2182 1587 qui
2218 1532 2439 1575 menses
2473 1518 2651 1573 Kiaer

367 1615 427 1668 p.
455 1604 571 1653 172.

511 1740 613 1790 572
624 1754 667 1794 s.
740 1737 899 1795 CGL.
924 1737 980 1795 V
1015 1756 1070 1810 p.
1099 1740 1215 1807 584,
1247 1740 1313 1792 14
1349 1739 1661 1809 ephemeris
1684 1769 1755 1780 —
1778 1740 1851 1798 de
1876 1758 1990 1813 quo
2015 1741 2310 1799 Iuvenalis
2333 1748 2651 1800 saturarum

372 1825 649 1882 secundo:
689 1824 845 1881 illius
881 1855 950 1865 —
987 1825 1393 1896 ephemeridas.
1466 1827 1614 1882 Einl.
1653 1826 1708 1883 S.
1741 1829 1854 1880 108.

514 1914 666 2069 523.
737 1904 1011 1969 Priscian.
1039 1911 1126 1968 IX
1154 1916 1201 1981 7,
1229 1915 1296 1966 36
1332 1913 1498 1971 GLK.
1522 1913 1582 1970 II
1608 1916 1729 1984 472,
1759 1917 1820 1967 13
1849 1914 2158 1982 (Iuvenalis
2183 1915 2245 1971 in
2268 1915 2352 1973 II:
2391 1917 2441 1974 si
2465 1918 2652 1987 prurit

372 2027 441 2037 —
476 2015 548 2053 an
652 2000 755 2065 us).

373 2137 402 2192 I
427 2140 529 2191 336
563 2137 777 2209 frigida
811 2137 1042 2197 Saturni
1078 2153 1205 2196 sese
1252 2153 1366 2210 quo
1414 2139 1582 2197 stella
1624 2144 1895 2210 receptet.
1975 2139 2186 2197 Lucan.
2220 2140 2249 2197 1
2272 2142 2368 2220 661
2408 2141 2651 2199 Veneris

371 2223 596 2281 salubre
632 2225 807 2283 sidus.

509 2313 626 2364 571.
697 2313 817 2382 quie
870 2312 1078 2368 mensis.
1165 2310 1321 2379 Quis,
1359 2313 1522 2370 nicht
1572 2313 1673 2383 qui
1729 2313 1791 2368 in
1844 2312 2100 2370 directen
2150 2313 2270 2370 und
2332 2315 2651 2373 indirecten

368 2395 590 2466 Fragen
637 2397 832 2455 immor
879 2399 974 2456 bei
1009 2398 1258 2455 Juvenal
1306 2403 1429 2465 (nur
1479 2402 1559 2467 11,
1598 2402 1663 2452 33
1701 2404 1761 2456 te
1806 2400 2065 2468 consule,
2113 2401 2212 2471 qui
2249 2402 2347 2468 sis)
2396 2403 2505 2459 wie
2551 2403 2648 2460 bei

368 2482 555 2539 Horaz
586 2482 705 2540 und
739 2485 981 2556 Persius,
1031 2486 1207 2543 Kiaer
1240 2502 1294 2557 p.
1326 2488 1418 2539 171
1449 2485 1503 2555 f.,
1550 2486 1649 2544 der
1698 2487 2006 2553 (vielleicht
2039 2486 2265 2559 riehtig)
2313 2488 2647 2560 vermuthet,

369 2569 502 2626 dass
536 2569 786 2627 Juvenal
819 2573 943 2630 hier
979 2575 1079 2644 qui
1115 2588 1337 2631 menses
1374 2573 1612 2631 sehrieb.

507 2659 623 2711 572.
696 2675 942 2714 ocem-ms
973 2691 1046 2701 —
1078 2660 1267 2714 vitare.
1337 2659 1471 2716 Tac.
1498 2658 1569 2715 A.
1597 2659 1683 2717 IV
1707 2663 1773 2714 60
1821 2675 1953 2717 nam
1989 2660 2136 2718 alius
2182 2678 2480 2720 occursum
2524 2665 2649 2721 eius

371 2744 556 2800 vitare
593 2748 701 2800 etc.

505 2832 567 2882 57
574 2833 623 2883 3.
693 2831 804 2886 ὕεα
821 2831 1054 2903 pinquia
1074 2831 1262 2887 sucina
1285 2831 1446 2887 tritas
1461 2861 1533 2874 —
1550 2834 1913 2903 epham-idas
1933 2833 2343 2904 asu-ologische
2362 2835 2649 2893 Kalender

371 2921 451 2981 (so
504 2915 818 2987 ephemeris
868 2917 964 2975 bei
1016 2918 1161 2975 Plin.
1215 2919 1334 2976 und
1384 2918 1664 2976 Ammian.
1716 2919 1886 2977 Marc.
1941 2938 2012 2976 ιιι
2067 2924 2378 2988 577-581),
2437 2937 2503 2978 so
2553 2922 2651 2979 ab·

367 3003 671 3073 gegriffen,
714 3004 824 3061 wie
871 3005 1408 3077 Bernsteinkugeln‚
1448 3007 1559 3074 die,
1609 3024 1703 3063 um
1751 3006 1970 3065 starker
2014 3025 2085 3064 zu
2129 3006 2349 3075 dusten,
2398 3008 2504 3064 mit
2548 3008 2648 3064 der

367 3090 535 3145 Hand
591 3093 849 3148 erwarmlz
895 3092 1015 3148 und
1068 3093 1340 3162 gerieben
1387 3093 1620 3150 wurden
1676 3094 1814 3150 oder
1872 3094 2018 3151 auch
2072 3111 2169 3150 zur
2222 3093 2497 3164 Ktihlung
2549 3096 2651 3151 der

368 3176 570 3233 Raude
606 3178 853 3234 dienten.
923 3179 1083 3235 Mart.
1110 3179 1201 3235 III
1227 3183 1311 3249 65,
1338 3183 1368 3231 5
1415 3181 1618 3237 sucina
1653 3182 1792 3237 trita
1825 3181 1879 3237 V
1908 3184 1991 3249 37,
2022 3183 2080 3234 11
2121 3182 2451 3238 sucinorum
2484 3189 2651 3251 rapta

370 3265 441 3320 de
476 3280 649 3321 manu
672 3264 846 3335 gleba
878 3264 965 3320 XI
992 3268 1023 3318 8
1060 3265 1275 3323 Sucina
1310 3267 1572 3337 virginea
1606 3268 1763 3338 quod
1797 3269 2052 3339 regelata
2085 3283 2271 3323 manu.

507 3354 624 3404 576.
694 3354 930 3406 numme
951 3381 1022 3393 —-
1055 3353 1355 3425 Thrasylli.-
1393 3355 1848 3425 astrologischen
1871 3354 2157 3412 Tabellen.
2207 3355 2343 3410 Hor.
2369 3354 2428 3410 C.
2455 3355 2484 3410 I
2514 3355 2593 3422 11,
2614 3359 2644 3407 3

366 3452 627 3494 numeros
661 3468 732 3478 —
764 3438 1116 3510 Babylonios
1149 3436 1263 3496 ‘die
1300 3439 1486 3497 Grade
1522 3442 1641 3497 und
1673 3441 2146 3509 Minutenzahlen‚
2185 3440 2359 3498 deren
2393 3441 2517 3498 sich
2552 3458 2647 3497 zu-

368 3529 484 3581 erst
519 3524 614 3581 die
650 3524 1050 3583 chaldiiischen
1083 3525 1465 3584 Astronomen
1511 3543 1582 3582 zu
1616 3527 2363 3598 Positionsbestimmungen
2401 3529 2500 3585 der
2537 3528 2645 3584 Ge·

367 3612 561 3679 stirne,
596 3613 721 3668 hier
755 3612 850 3668 die
874 3612 1224 3683 Astrologen
1256 3630 1355 3670 zur
1377 3615 1768 3685 Bestimmung
1791 3614 1893 3672 des
1918 3614 2269 3686 Horoskops‚
2307 3612 2647 3674 bedienten?

366 3697 675 3769 Kiessling.
711 3700 921 3756 Lucan.
949 3700 978 3755 1
1006 3701 1104 3752 641
1146 3702 1508 3771 numerisque
1544 3701 1907 3758 moventibus
1944 3707 2109 3758 astra.

517 3785 830 3856 ΤΙιι-αεγῑῑιω
877 3786 977 3843 der
1012 3784 1291 3858 Astrolog
1326 3787 1428 3845 des
1470 3786 1736 3846 Tiberius
1772 3787 1897 3855 (SG.
1928 3791 1952 3841 1
1988 3791 2099 3856 132,
2128 3791 2159 3841 8
2196 3787 2315 3844 und
2354 3790 2485 3857 151),
2535 3805 2651 3845 von

368 3871 495 3929 dem
531 3887 595 3929 es
622 3873 776 3929 -auch
812 3874 1222 3944 astrologisehe
1258 3872 1545 3930 Schristen
1579 3875 1708 3945 gab.
1782 3875 1896 3931 Dio
1919 3874 2022 3932 LV
2050 3877 2108 3928 11
2149 3874 2311 3930 LVII
2341 3877 2420 3928 15.

506 3961 796 4015 577—581.
865 3960 1010 4016 Plin.
1049 3962 1115 4018 N.
1149 3960 1201 4015 h.
1238 3961 1437 4017 XXIX
1471 3964 1503 4014 9
1550 3961 1650 4018 der
1685 3960 1828 4018 Arzt
1861 3960 2061 4017 Crinas
2105 3961 2483 4017 Massiliensis
2529 3967 2650 4018 arte

365 4046 655 4116 geminata
688 4051 755 4102 ut
789 4049 1013 4105 cautior
1047 4048 1504 4119 religiosumque,
1554 4048 1628 4103 ad
1664 4047 1913 4104 siderum
1949 4054 2136 4104 motus
2172 4061 2244 4103 ex
2293 4047 2649 4116 ephemeride

364 4132 764 4189 mathematica
831 4135 992 4191 cibos
1061 4135 1251 4193 dando
1318 4134 1599 4205 horasque
1663 4134 2020 4191 observando
2096 4134 2439 4190 anctoritate
2522 4148 2649 4189 eum

366 4217 729 4285 (Thessalum)
754 4223 1083 4290 praecessit.
1130 4222 1311 4279 Amm.
1336 4223 1506 4279 Marc.
1527 4220 1787 4277 XXVIII
1812 4225 1844 4274 4
1873 4237 1979 4278 nec
2004 4221 2065 4277 in
2091 4220 2324 4292 publico
2350 4221 2646 4289 prodeunt,

365 4321 474 4363 nec
507 4307 791 4378 prandent
812 4338 882 4349 —
915 4317 1219 4380 antequam
1256 4309 1617 4381 ephemeride
1653 4310 1989 4380 scrupulose
2014 4308 2310 4366 sciscitata
2345 4307 2655 4364 didicerint

367 4421 437 4434 --
459 4394 561 4453 ubi
598 4395 676 4454 sit
709 4396 931 4466 signum
971 4397 1234 4454 Mercurii
1272 4403 1378 4453 etc.

477 4496 670 4542 Juvenal
695 4499 732 4541 1.
2176 4500 2240 4551 23
