3334 5075
640 135 766 197 534
1458 131 1751 188 Iuvenalis
1787 137 2102 186 saturarum

810 305 879 368 in
925 305 1203 369 carbone
1248 311 1359 370 tuo
1405 303 1630 369 charta
1674 304 1787 388 pia
1830 310 1976 369 tura
2021 304 2235 370 soluta

811 416 1108 498 ponimus
1156 423 1221 481 et
1265 422 1511 481 sectum
1557 417 1744 480 vituli
1789 417 1971 481 iecur
2012 416 2294 498 albaque
2338 418 2515 500 porci

811 527 1122 594 omenta?
1171 535 1241 593 ut
1283 527 1494 609 video,
1542 527 1791 592 nullum
1837 526 2185 593 discrimen
2227 528 2599 594 habendum
2646 536 2745 594 est

813 639 1067 724 effigies
1111 640 1282 705 inter
1326 647 1577 704 vestras
1624 645 2037 721 statuamque
2081 637 2379 723 Vagelli’.

648 758 762 813 120
814 805 820 812 .
899 752 1121 835 accipe
1168 771 1339 833 quae
1385 758 1612 816 contra
1656 750 1876 817 valeat
1919 751 2165 816 solacia
2208 751 2380 817 ferre

813 870 878 928 et
923 864 1033 945 qui
1078 882 1200 928 nec
1247 864 1505 946 cynicos
1552 881 1674 928 nec
1717 863 1924 927 stoica
1968 861 2274 946 dogmata
2317 863 2481 945 legit

810 995 853 1039 a
898 975 1142 1060 cynicis
1189 975 1406 1039 tunica
1451 973 1781 1056 distantia,
1830 992 1961 1038 non
2003 974 2350 1057 Epicurum

813 1088 1082 1170 suspicit
1129 1087 1349 1169 exigui
1394 1086 1636 1150 laetum
1683 1086 2095 1169 plantaribus
2142 1086 2325 1151 horti.

812 1203 1115 1263 curentur
1157 1197 1337 1263 dubii
1382 1195 1652 1261 medicis
1696 1198 2047 1262 maioribus
2093 1198 2305 1281 aegri:

646 1317 762 1372 125
810 1317 881 1375 tu
925 1329 1160 1375 venam
1206 1309 1313 1375 vel
1358 1308 1680 1392 discipulo
1725 1310 2049 1374 committe
2092 1308 2399 1392 Philippi.

812 1423 867 1486 si
914 1421 1162 1486 nullum
1205 1421 1275 1485 in
1319 1420 1511 1487 terris
1555 1428 1689 1485 tam
1735 1420 2123 1486 detestabile
2168 1419 2410 1485 factum

813 1531 1119 1616 ostendis,
1168 1540 1372 1614 taceo,
1420 1551 1543 1597 nec
1586 1532 1826 1616 pugnis
1871 1531 2148 1597 caedere
2190 1538 2419 1615 pectus

811 1653 876 1711 te
921 1652 1069 1710 veto
1115 1664 1236 1710 nec
1280 1644 1480 1728 plana
1523 1643 1756 1709 faciem
1802 1643 2198 1708 contundere
2240 1646 2475 1727 palma,

850 1871 963 1920 116.
1035 1868 1193 1922 Mart.
1229 1865 1373 1921 VIII
1412 1870 1457 1932 8,
1496 1869 1525 1918 3
1572 1873 1629 1921 te
1675 1866 1916 1935 primum
1952 1867 2052 1934 pia
2097 1874 2225 1921 tura
2260 1874 2463 1936 rogent
2517 1868 2663 1922 XIII
2688 1871 2736 1933 4,
2763 1870 2794 1919 2
2833 1869 2904 1924 da

638 1957 737 2023 pia
773 1961 901 2010 tura
936 1954 1079 2008 Iovi.

780 2145 892 2193 116.
965 2141 1172 2206 charta,
1224 2141 1326 2195 das
1372 2142 1603 2209 Papier,
1653 2140 1714 2194 in
1762 2140 2005 2196 welches
2052 2141 2146 2196 die
2191 2139 2739 2197 Weihrauchkorner
2787 2143 2905 2198 ein-

637 2226 944 2298 gewickelt
978 2226 1121 2292 sind,
1158 2225 1267 2279 Prl.
1295 2229 1411 2288 815,
1438 2229 1484 2278 5.

768 2312 872 2383 pia
908 2317 1044 2365 tura.
1119 2312 1199 2366 Zu
1236 2314 1283 2378 2,
1314 2314 1426 2364 170.

781 2399 891 2449 118.
966 2401 1026 2449 ut
1062 2396 1227 2451 video.
1299 2397 1427 2467 Vgl.
1467 2401 1514 2465 6,
1542 2400 1642 2450 395
1681 2398 1836 2467 quod
1870 2398 2058 2453 video.

781 2486 893 2535 119.
971 2483 1189 2554 Vayelli.
1252 2483 1380 2554 Vgl.
1412 2486 1489 2551 16,
1518 2485 1582 2537 23
1619 2485 1834 2540 mulino
1860 2484 2031 2540 corde
2056 2483 2298 2554 Vagelli.
2359 2483 2634 2553 Borghesi
2660 2482 2906 2541 Oeuvres

640 2570 693 2626 V
720 2574 820 2623 534
858 2570 1193 2626 identificirt
1229 2571 1326 2625 ihn
1362 2571 1463 2625 mit
1487 2573 1546 2625 L.
1574 2570 1873 2640 Vagellius
1910 2587 2023 2627 cos.
2063 2572 2185 2626 suff.
2223 2578 2390 2626 unter
2413 2569 2693 2625 Claudius
2728 2571 2904 2626 wahr-

639 2656 954 2714 schcinlich
990 2673 1039 2710 a.
1075 2659 1159 2709 47.

780 2745 892 2795 120.
964 2742 1161 2812 occupo,
1197 2745 1306 2800 wie
1345 2746 1392 2811 τ,
1419 2745 1508 2808 36;
1550 2746 1629 2810 15,
1659 2746 1737 2796 31.
1810 2743 2149 2809 Einloitung
2184 2741 2237 2798 s.
2266 2745 2347 2809 51,
2375 2744 2421 2793 3.

780 2831 891 2880 121.
964 2828 1223 2898 doqmata.
1297 2828 1423 2885 Sen.
1460 2831 1604 2898 Epp.
1643 2832 1726 2895 95,
1758 2833 1819 2882 10
1874 2829 2117 2884 decretis
2152 2857 2221 2866 —
2258 2844 2404 2897 quac
2449 2828 2653 2884 Gracci
2700 2834 2908 2884 vocant

638 2916 928 2985 dogmata,
965 2914 1133 2969 nobis
1170 2914 1262 2969 vel
1298 2915 1527 2970 decreta
1560 2916 1702 2970 licet
1735 2914 2020 2983 adpellare
2055 2914 2149 2969 vel
2185 2914 2331 2969 scita
2364 2914 2457 2968 vel
2491 2912 2723 2981 placita,
2761 2929 2905 2982 quae

637 3008 696 3057 et
731 3002 791 3055 in
826 3002 1139 3069 geometria
1175 3008 1236 3056 et
1271 3001 1330 3055 in
1367 3002 1714 3055 astronomia
1748 3001 2021 3055 invenies.

780 3088 1062 3138 121—122.
1123 3087 1235 3141 Die
1260 3085 1637 3155 Weglassung
1674 3088 1773 3141 des
1796 3086 2194 3142 Uuterkleides
2220 3089 2409 3157 (χιτών,
2434 3084 2647 3147 tunica)
2672 3085 2906 3153 gehorte

638 3189 734 3227 zur
770 3169 1095 3241 ‘cynischcn
1121 3168 1550 3226 Ordenstracht'.
1612 3172 1793 3227 Zeller
1829 3171 2027 3227 Gesch.
2063 3173 2114 3226 d.
2141 3171 2506 3240 Philosophie
2531 3171 2613 3225 1Ιῖ
2641 3173 2686 3235 1,
2714 3173 2830 3239 226,
2857 3174 2903 3223 3.

780 3259 1066 3309 122—123.
1139 3257 1266 3325 Vgl.
1312 3259 1389 3323 14,
1417 3261 1516 3310 319
1571 3265 1869 3327 quantum,
1915 3259 2176 3325 Epicure,
2215 3258 2322 3312 tibi
2358 3256 2550 3325 parvis
2585 3257 2813 3311 suffecit
2846 3258 2906 3311 in

639 3344 835 3398 hortis.
907 3341 1035 3410 Vgl.
1076 3342 1205 3398 dort
1240 3343 1335 3398 die
1372 3344 1742 3414 Anmerkung
1776 3345 1916 3400 fiber
1950 3344 2210 3413 Epicur’s
2245 3342 2471 3399 Garten.

783 3430 893 3479 124.
969 3425 1129 3482 Ovid.
1157 3429 1317 3485 Pont.
1346 3430 1435 3485 III
1460 3434 1508 3497 4,
1536 3432 1566 3481 8
1603 3431 1678 3485 ad
1703 3430 1978 3485 medicam
2003 3429 2211 3485 dubius
2236 3428 2496 3497 confugit
2529 3444 2701 3498 aeger
2725 3444 2903 3498 opem.

780 3515 893 3564 125.
966 3531 1165 3567 venam.
1239 3518 1286 3582 6,
1313 3518 1379 3568 46
1417 3533 1451 3571 o
1488 3516 1714 3581 medici,
1750 3516 1983 3569 nimiam
2019 3515 2346 3582 pertundite
2381 3530 2596 3570 venam.

778 3599 1042 3668 discipulo
1079 3600 1340 3670 Philippi.
1413 3603 1528 3658 Der
1564 3601 1903 3657 Nachdruck
1948 3601 2093 3669 liegt
2139 3601 2252 3656 wol
2295 3599 2399 3656 auf
2427 3599 2737 3668 discipulo,
2789 3601 2906 3655 und

636 3702 765 3741 man
790 3685 1031 3742 braucht
1054 3685 1174 3741 also
1199 3686 1358 3741 nicht
1381 3687 1781 3753 anzunehmen‚
1807 3687 1939 3741 dass
1964 3686 2262 3755 Philippus
2285 3686 2380 3742 cin
2405 3685 2906 3755 untergeordneter

636 3770 778 3828 Arzt
828 3788 958 3827 war.
1046 3773 1163 3827 Der
1215 3774 1390 3829 Name
1444 3775 1524 3828 ist
1575 3790 1644 3827 zu
1697 3772 2077 3842 gewohnlich,
2138 3789 2231 3827 um
2283 3774 2389 3827 mit
2440 3771 2759 3828 Sicherheit
2810 3761 2905 3827 di'c

637 3858 1084 3928 Wiederholung
1127 3859 1227 3914 des
1262 3860 1506 3915 Namens
1551 3861 1709 3914 eines
1749 3859 2082 3916 berithmten
2116 3856 2477 3927 Vorgangers
2523 3857 2907 3914 anzunehm0n

640 3944 761 4009 (SG.
789 3945 849 3999 II
874 3945 1007 4010 628).
1079 3945 1384 4014 Philippus
1431 3945 1583 4001 hiess
1633 3946 1732 4000 der
1772 3943 1914 4001 Arzt
1951 3944 2304 3999 Alexanders
2351 3944 2452 3999 des
2499 3942 2760 4010 Grossen,
2809 3944 2907 3998 cin

638 4031 867 4085 zweiter
910 4032 972 4085 in
1017 4031 1117 4085 der
1152 4030 1278 4087 Zeit
1317 4031 1419 4087 des
1452 4030 1782 4100 Antigonus
1819 4030 1979 4097 (Cels.
2007 4031 2096 4085 III
2125 4032 2222 4095 21),
2258 4028 2444 4084 ferncr
2480 4031 2573 4085 cin
2611 4029 2756 4086 oster
2789 4044 2905 4084 von

640 4115 820 4172 Galen
856 4117 1091 4172 citirter.
