3334 5075
1180 352 1351 407 Liber
1385 356 1634 421 quartus.
1709 350 1914 408 Satura
1947 352 2017 407 X.
2605 358 2730 419 465

507 530 585 586 95
635 522 937 608 egregios
983 524 1240 605 equites
1286 530 1353 589 et
1397 529 1611 590 castra
1654 521 2028 605 domestica,
2078 523 2305 605 quidni

632 634 797 700 haec
841 635 1068 718 cupias
1087 633 1122 697 P
1172 641 1238 699 et
1281 635 1392 718 qui
1437 636 1666 700 nolunt
1711 633 2006 700 occidere
2052 653 2458 717 quemquam,

632 763 826 831 posse
869 746 1111 811 volunt.
1151 775 1166 786 ·
1202 744 1324 811 sed
1369 764 1539 827 quae
1582 745 1930 829 praeclara
1974 750 2040 811 et
2083 764 2395 830 prospera
2440 747 2623 828 tanti,

632 863 705 922 ut
747 856 942 922 rebus
985 856 1177 922 laetis
1220 875 1341 940 par
1383 857 1470 922 sit
1512 874 1816 922 mensura
1859 855 2222 921 malorum?

631 966 823 1033 huius
869 968 980 1051 qui
1026 966 1303 1033 trahitur
1347 973 1753 1051 praetextam
1800 984 2058 1033 sumere
2107 968 2332 1049 mavis,

467 1087 585 1141 100
633 1098 719 1143 an
762 1076 1162 1144 Fidenarum
1206 1077 1694 1161 Gabiorumque
1741 1095 1888 1144 esse
1933 1084 2227 1164 potestas

632 1195 698 1255 et
741 1187 826 1254 de
870 1207 1173 1254 mensura
1216 1189 1320 1255 ius
1363 1187 1602 1270 dicere,
1651 1207 1817 1254 vasa
1857 1190 2112 1255 minora

631 1298 934 1382 frangere
980 1319 1310 1384 pannosus
1353 1300 1581 1366 vacuis
1625 1297 1864 1365 aedilis
1907 1299 2219 1365 Vlubris?

631 1429 789 1494 ergo
834 1410 994 1493 quid
1038 1410 1387 1495 optandum
1434 1410 1615 1491 foret,
1663 1412 2005 1495 ignorasse
2049 1409 2277 1476 fateris

631 1520 971 1600 Seianum3
1019 1541 1169 1587 nam
1214 1522 1327 1605 qui
1370 1522 1606 1586 nimios
1650 1521 1921 1604 optabat
1963 1520 2241 1588 honores

465 1639 583 1695 105
633 1639 700 1698 et
741 1632 979 1697 nimias
1022 1632 1336 1715 poscebat
1379 1650 1556 1716 opes,
1604 1649 1951 1698 numerosa
1993 1633 2271 1716 parabat

670 1837 784 1888 100.
855 1836 1050 1891 Horat.
1076 1837 1219 1905 Epp.
1247 1835 1275 1889 I
1307 1839 1384 1903 11,
1416 1838 1474 1888 17
1514 1852 1584 1891 zu
1620 1838 1669 1903 6,
1696 1838 1814 1891 56s.

667 1923 781 1973 102.
853 1921 1049 1977 Horat.
1075 1923 1219 1990 Epp.
1248 1921 1275 1976 1
1305 1923 1383 1988 11,
1410 1923 1476 1974 29
1513 1927 1704 1978 unten.

584 2091 724 2162 pila,
773 2092 1020 2146 cohortes.
1101 2093 1213 2149 Die
1262 2092 1549 2148 Cohorten
1595 2092 1696 2147 der
1741 2090 2117 2148 Priitorianer.
2197 2092 2356 2148 Mart.
2394 2093 2448 2148 X
2482 2097 2567 2160 48,
2605 2096 2635 2145 2
2673 2099 2733 2149 et

455 2176 640 2246 pilata
674 2178 826 2233 redit
859 2179 974 2233 iam
1009 2178 1300 2247 subiitque
1337 2178 1554 2233 cohors.
1627 2176 1757 2245 Vgl.
1798 2176 1891 2232 die
1925 2176 2094 2232 Anm.

596 2265 678 2315 95.
752 2264 986 2333 eqroqios
1019 2263 1235 2333 equites.
1306 2263 1448 2319 Dies
1484 2261 1716 2318 konnen
1757 2261 1903 2316 nach
1949 2262 2075 2319 dem
2120 2278 2339 2333 ganzen
2376 2265 2730 2320 zusammen·

455 2347 643 2418 hange
679 2348 1026 2419 unmoglich,
1061 2350 1172 2405 wie
1210 2364 1339 2403 man
1373 2348 1642 2404 meistens
1679 2348 2023 2403 verstanden
2045 2349 2160 2416 hat,
2199 2349 2422 2418 equites
2445 2347 2730 2406 laticlavii

464 2433 616 2498 (StR.
629 2433 719 2488 111
746 2435 923 2500 508,1)
949 2435 1088 2490 sein.
1125 2433 1428 2490 Entweder
1453 2433 1585 2488 sind
1611 2447 1674 2488 es
1698 2432 1900 2488 Beiter
1924 2449 2028 2489 aus
2053 2434 2155 2489 der
2176 2434 2729 2502 Pretorianergardffi

457 2519 629 2576 deren
664 2519 951 2576 Cohorten
986 2519 1303 2576 siimmtlich
1338 2519 1629 2588 equitatae
1664 2534 1856 2575 waren
1893 2518 2044 2586 (StV.
2072 2519 2133 2575 11
2155 2521 2297 2586 477),
2334 2519 2473 2576 oder
2508 2520 2732 2589 equites

456 2606 790 2674 singulares,
829 2605 923 2661 ein
960 2605 1124 2670 (nach
1144 2605 1482 2661 Mommsens
1507 2603 1901 2674 Vermuthung
1923 2621 2040 2660 von
2062 2606 2319 2661 Hadrian
2343 2605 2730 2674 organisirtes)

457 2690 989 2759 Gardereitercorps
1043 2706 1167 2745 zum
1214 2690 1423 2746 Dienst
1470 2690 1571 2745 des
1616 2689 1878 2755 Kaisers,
1926 2689 2028 2745 das
2073 2689 2346 2746 ebenfalls
2389 2696 2557 2746 unter
2604 2691 2731 2746 dem

454 2773 779 2844 praefectus
815 2776 1103 2843 praetorio
1142 2777 1310 2831 stand
1346 2776 1481 2841 (das.
1503 2776 1813 2837 488—491).
1874 2774 2112 2844 Egregii
2134 2775 2392 2831 konnten
2428 2776 2585 2833 diese
2620 2776 2731 2831 wie

446 2861 581 2931 jene
619 2860 820 2915 Reiter
855 2860 939 2915 als
972 2859 1333 2930 Elitetruppe
1370 2866 1624 2930 genannt
1655 2859 1900 2915 werden.

592 2950 769 2999 mbr-a
804 2945 1104 2999 domestica.
1175 2945 1328 3001 Weil
1363 2961 1424 3001 er
1460 2946 1548 3001 818
1583 2942 1906 3014 praefectus
1939 2945 2228 3013 praetorio
2275 2945 2415 3000 iiber
2460 2942 2562 3000 das
2598 2947 2731 3000 Prii·

455 3031 864 3100 torianerlager
899 3031 1009 3087 wie
1046 3032 1188 3088 iiber
1223 3032 1392 3087 einen
1425 3030 1590 3087 Theil
1625 3031 1816 3086 seines
1850 3032 2091 3099 eigenen
2126 3029 2349 3084 Hauses
2383 3028 2661 3098 verfflgte.

595 3118 678 3168 97.
742 3134 901 3185 pom
936 3118 1134 3170 vehant.
1207 3115 1370 3173 Ovid.
1396 3116 1628 3172 Heroid.
1660 3119 1739 3183 12,
1768 3118 1832 3167 75
1881 3116 2123 3171 Perdere
2170 3128 2340 3182 posse
2390 3121 2482 3170 sat
2529 3121 2631 3181 est,
2680 3114 2731 3169 si

454 3214 620 3269 quem
656 3202 820 3257 iuvet
854 3202 983 3269 ipsa
1016 3208 1289 3270 potestas.

594 3289 676 3339 97.
714 3287 796 3339 98.
867 3286 963 3340 eod
996 3303 1128 3355 quae
1153 3288 1445 3356 praeclara
1479 3293 1529 3341 et
1544 3303 1813 3356 prospera
1837 3283 1991 3350 tanti,
2041 3284 2114 3337 Ut
2139 3284 2175 3337 i.
2202 3298 2249 3338 8.
2275 3287 2496 3338 tantum
2519 3283 2733 3340 habent

451 3372 716 3441 pretium,
751 3376 818 3427 ut
850 3376 1155 3440 propterea
1189 3386 1381 3441 parem
1406 3372 1535 3441 quis
1569 3386 1693 3427 esse
1717 3371 1860 3426 velit
1882 3383 2199 3424 mensuram
2222 3368 2540 3423 malorum?
2580 3369 2727 3425 sive:

454 3463 520 3512 ut
572 3472 764 3526 parem
809 3455 1022 3526 aliquis
1072 3456 1242 3512 simul
1286 3457 1560 3513 malorum
1606 3471 1878 3512 summam
1925 3455 2215 3523 suscipere
2261 3453 2440 3511 velit?
2497 3455 2730 3524 Madvig

453 3541 593 3611 opp.
620 3541 681 3595 11
723 3544 817 3593 189
844 3564 909 3587 -ι
936 3543 1053 3593 552.

591 3628 674 3678 98.
746 3625 875 3695 νει.
908 3628 986 3692 14,
1014 3628 1131 3678 313.
1159 3628 1276 3678 314.

563 3713 674 3763 100.
745 3710 998 3766 Fidenae
1033 3710 1152 3766 und
1187 3711 1357 3768 Gabii
1393 3726 1715 3767 zusammen
1748 3717 2001 3780 genannt
2035 3709 2144 3764 wie
2181 3710 2230 3775 6,
2258 3711 2325 3761 56
2339 3725 2380 3765 s.

585 3800 837 3865 potesta-s.
908 3797 1022 3850 Fflr
1067 3797 1179 3851 den
1226 3796 1471 3853 Inhaber
1518 3798 1678 3853 eines
1712 3795 1913 3852 Amtes
1948 3795 2201 3864 Georges
2237 3811 2280 3850 s.
2307 3810 2358 3849 v.
2386 3795 2445 3849 H
2478 3794 2533 3850 A
2560 3798 2590 3847 2
2616 3795 2653 3852 b
2680 3796 2727 3865 β,

453 3883 561 3937 wie
596 3881 777 3937 honor
817 3884 861 3947 1,
891 3884 1005 3933 110.

594 3969 705 4018 101.
750 3968 862 4018 102.
934 3966 1047 4021 Die
1081 3966 1331 4024 Aedilen
1366 3968 1566 4024 hatten
1599 3966 1691 4022 ffir
1727 3966 2092 4036 Richtigkeit
2124 3980 2241 4019 von
2262 3963 2448 4021 Maass
2473 3964 2592 4019 und
2617 3963 2727 4020 Ge·

449 4050 625 4106 wicht
676 4067 746 4105 zu
799 4065 1008 4120 sorgen
1053 4050 1187 4107 StV.
1227 4053 1255 4106 I
1297 4054 1415 4105 499.
1487 4051 1616 4122 Vgl.
1654 4052 1807 4108 Pers.
1850 4055 1892 4117 1,
1933 4054 2028 4104 129
2052 4067 2095 4105 8.
2140 4050 2296 4118 quod
2344 4079 2416 4089 —
2467 4050 2728 4118 Fregerit

449 4136 704 4192 heminas
740 4134 933 4193 Arreti
970 4136 1180 4193 aedilis
1216 4137 1459 4207 iniquas,
1497 4138 1643 4192 auch
1678 4137 1800 4192 Iuv.
1829 4139 1876 4203 3,
1908 4137 2020 4189 179.

602 4221 836 4275 Ulubris.
907 4221 1037 4291 Vgl,
1065 4222 1198 4277 Hor.
1224 4223 1367 4292 Epp.
1396 4223 1424 4276 I
1454 4226 1532 4289 11,
1560 4224 1624 4274 29
1664 4222 1820 4291 qnod
1853 4222 2006 4292 petis
2050 4219 2144 4274 hic
2192 4223 2293 4287 est,
2338 4219 2445 4276 Est
2477 4218 2724 4286 Ulubris,

450 4307 673 4362 suimus
710 4308 760 4361 si
787 4313 845 4362 te
879 4322 995 4362 uon
1032 4305 1229 4362 deficit
1251 4321 1485 4377 aequus.
